%YAML 1.1
%TAG !u! tag:unity3d.com,2011:
--- !u!1 &747456315397642598
GameObject:
  m_ObjectHideFlags: 0
  m_CorrespondingSourceObject: {fileID: 0}
  m_PrefabInstance: {fileID: 0}
  m_PrefabAsset: {fileID: 0}
  serializedVersion: 6
  m_Component:
  - component: {fileID: 747456315397642597}
  - component: {fileID: 6029753440572706239}
  - component: {fileID: 747456315397642523}
  - component: {fileID: 5460782115942629529}
  - component: {fileID: -5087463109524994812}
  - component: {fileID: -4391931664970829661}
  m_Layer: 6
  m_Name: MultiPlayerManageWind
  m_TagString: Player
  m_Icon: {fileID: 0}
  m_NavMeshLayer: 0
  m_StaticEditorFlags: 0
  m_IsActive: 1
--- !u!4 &747456315397642597
Transform:
  m_ObjectHideFlags: 0
  m_CorrespondingSourceObject: {fileID: 0}
  m_PrefabInstance: {fileID: 0}
  m_PrefabAsset: {fileID: 0}
  m_GameObject: {fileID: 747456315397642598}
  m_LocalRotation: {x: 0, y: 0, z: 0, w: 1}
  m_LocalPosition: {x: 0, y: 0.994, z: 0}
  m_LocalScale: {x: 1, y: 1, z: 1}
  m_ConstrainProportionsScale: 0
  m_Children:
  - {fileID: 747456316852702003}
  - {fileID: 747456316181423714}
  - {fileID: 1553005283668433627}
  - {fileID: 2941326546125452479}
  - {fileID: 4007428524006618563}
  m_Father: {fileID: 0}
  m_RootOrder: 0
  m_LocalEulerAnglesHint: {x: 0, y: 0, z: 0}
--- !u!54 &6029753440572706239
Rigidbody:
  m_ObjectHideFlags: 0
  m_CorrespondingSourceObject: {fileID: 0}
  m_PrefabInstance: {fileID: 0}
  m_PrefabAsset: {fileID: 0}
  m_GameObject: {fileID: 747456315397642598}
  serializedVersion: 2
  m_Mass: 1
  m_Drag: 0
  m_AngularDrag: 0.05
  m_UseGravity: 0
  m_IsKinematic: 0
  m_Interpolate: 0
  m_Constraints: 0
  m_CollisionDetection: 0
--- !u!136 &747456315397642523
CapsuleCollider:
  m_ObjectHideFlags: 0
  m_CorrespondingSourceObject: {fileID: 0}
  m_PrefabInstance: {fileID: 0}
  m_PrefabAsset: {fileID: 0}
  m_GameObject: {fileID: 747456315397642598}
  m_Material: {fileID: 0}
  m_IsTrigger: 1
  m_Enabled: 1
  m_Radius: 0.72
  m_Height: 1
  m_Direction: 1
  m_Center: {x: 0, y: 0, z: 0}
--- !u!114 &5460782115942629529
MonoBehaviour:
  m_ObjectHideFlags: 0
  m_CorrespondingSourceObject: {fileID: 0}
  m_PrefabInstance: {fileID: 0}
  m_PrefabAsset: {fileID: 0}
  m_GameObject: {fileID: 747456315397642598}
  m_Enabled: 1
  m_EditorHideFlags: 0
  m_Script: {fileID: 11500000, guid: 8b45a3af6578d9d4d9f1137f0c7d5558, type: 3}
  m_Name: 
  m_EditorClassIdentifier: 
  _Status: 0
  _Element: 3
  invincibleLength: 1
  player: {fileID: 747456316181423715}
  currentPosition: {x: 0, y: 0, z: 0}
  data:
  - {fileID: 11400000, guid: f877945ffb260714899bd64fcf6ffbcd, type: 2}
  - {fileID: 11400000, guid: a62e19f3fdce02446a64f54a36bce4af, type: 2}
  - {fileID: 11400000, guid: 70da9cc67ed35374f84e2b664f77dc6d, type: 2}
  - {fileID: 11400000, guid: 2c84968a88780f644b70e56025690294, type: 2}
  ult:
  - {fileID: 1282364566017586, guid: a36251ff5d6b78443a9becfa50a418f4, type: 3}
  - {fileID: 1481932562201786, guid: c8a329408525ef84b8da764d5efa043a, type: 3}
  - {fileID: 1207179939759570, guid: 430d1077e03182d49861c070e541fdff, type: 3}
  Skill:
  - {fileID: 1612411718768874, guid: 9e6ce69d2829d274094f30ab54a1cba8, type: 3}
  - {fileID: 1535640691960112, guid: d79f03dd3c9b07c41a430faecdcdf500, type: 3}
  - {fileID: 1341365785022538, guid: 49f4a2628a72b0846afe42d196c02e6c, type: 3}
  playerHp: 100
  maxPlayerHp: 0
  playerMana: 0
  maxPlayerMana: 0
  damage: 0
  speed: 12
  fireRate: 0
  curUltEnergy: 0
  MaxultEnergy: 0
  cooldownTime: 0
  DashRange: 40
  DashCooldown: 2
  tranformEffect:
  - {fileID: 1006680136956838, guid: 094885c038557b3488628c83468150e8, type: 3}
  - {fileID: 1444219754028486, guid: 99a1f7013ba6432489bff550463f3d87, type: 3}
  - {fileID: 1797740254408388, guid: bf1bb79cc1270444b9c2fe0cf4b2194e, type: 3}
  - {fileID: 1686359375265966, guid: ca2fcd490f339374cb6cd659ea3d1fa5, type: 3}
  valueLoss: 2
  invincibillityCounter: 0
  cooldownDuration: 0
  isCooldown: 0
  HealthBar: {fileID: 8343832984650744322}
  HealthText: {fileID: 1772283815527362204}
  model: {fileID: 991738838236959449}
--- !u!114 &-5087463109524994812
MonoBehaviour:
  m_ObjectHideFlags: 0
  m_CorrespondingSourceObject: {fileID: 0}
  m_PrefabInstance: {fileID: 0}
  m_PrefabAsset: {fileID: 0}
  m_GameObject: {fileID: 747456315397642598}
  m_Enabled: 1
  m_EditorHideFlags: 0
  m_Script: {fileID: 11500000, guid: aa584fbee541324448dd18d8409c7a41, type: 3}
  m_Name: 
  m_EditorClassIdentifier: 
  ObservedComponentsFoldoutOpen: 1
  Group: 0
  prefixField: -1
  Synchronization: 3
  OwnershipTransfer: 0
  observableSearch: 2
  ObservedComponents:
  - {fileID: -4391931664970829661}
  sceneViewId: 0
  InstantiationId: 0
  isRuntimeInstantiated: 0
--- !u!114 &-4391931664970829661
MonoBehaviour:
  m_ObjectHideFlags: 0
  m_CorrespondingSourceObject: {fileID: 0}
  m_PrefabInstance: {fileID: 0}
  m_PrefabAsset: {fileID: 0}
  m_GameObject: {fileID: 747456315397642598}
  m_Enabled: 1
  m_EditorHideFlags: 0
  m_Script: {fileID: 11500000, guid: 627855c7f81362d41938ffe0b1475957, type: 3}
  m_Name: 
  m_EditorClassIdentifier: 
  m_SynchronizePosition: 1
  m_SynchronizeRotation: 1
  m_SynchronizeScale: 0
  m_UseLocal: 1
--- !u!1 &747456315587868926
GameObject:
  m_ObjectHideFlags: 0
  m_CorrespondingSourceObject: {fileID: 0}
  m_PrefabInstance: {fileID: 0}
  m_PrefabAsset: {fileID: 0}
  serializedVersion: 6
  m_Component:
  - component: {fileID: 747456315587868925}
  - component: {fileID: 2947408034124925794}
  m_Layer: 6
  m_Name: offset (1)
  m_TagString: Untagged
  m_Icon: {fileID: -5938655980376293919, guid: 0000000000000000d000000000000000, type: 0}
  m_NavMeshLayer: 0
  m_StaticEditorFlags: 0
  m_IsActive: 1
--- !u!4 &747456315587868925
Transform:
  m_ObjectHideFlags: 0
  m_CorrespondingSourceObject: {fileID: 0}
  m_PrefabInstance: {fileID: 0}
  m_PrefabAsset: {fileID: 0}
  m_GameObject: {fileID: 747456315587868926}
  m_LocalRotation: {x: 0, y: -0.08715578, z: 0, w: 0.9961947}
  m_LocalPosition: {x: -2.37, y: 0, z: 0.189}
  m_LocalScale: {x: 1, y: 1, z: 1}
  m_ConstrainProportionsScale: 0
  m_Children: []
  m_Father: {fileID: 747456316522835393}
  m_RootOrder: 1
  m_LocalEulerAnglesHint: {x: 0, y: -10, z: 0}
--- !u!114 &2947408034124925794
MonoBehaviour:
  m_ObjectHideFlags: 0
  m_CorrespondingSourceObject: {fileID: 0}
  m_PrefabInstance: {fileID: 0}
  m_PrefabAsset: {fileID: 0}
  m_GameObject: {fileID: 747456315587868926}
  m_Enabled: 1
  m_EditorHideFlags: 0
  m_Script: {fileID: 11500000, guid: aa584fbee541324448dd18d8409c7a41, type: 3}
  m_Name: 
  m_EditorClassIdentifier: 
  ObservedComponentsFoldoutOpen: 1
  Group: 0
  prefixField: -1
  Synchronization: 3
  OwnershipTransfer: 0
  observableSearch: 2
  ObservedComponents: []
  sceneViewId: 0
  InstantiationId: 0
  isRuntimeInstantiated: 0
--- !u!1 &747456316150635088
GameObject:
  m_ObjectHideFlags: 0
  m_CorrespondingSourceObject: {fileID: 0}
  m_PrefabInstance: {fileID: 0}
  m_PrefabAsset: {fileID: 0}
  serializedVersion: 6
  m_Component:
  - component: {fileID: 747456316150635095}
  - component: {fileID: 7624442543413258244}
  m_Layer: 6
  m_Name: offset
  m_TagString: Untagged
  m_Icon: {fileID: -5938655980376293919, guid: 0000000000000000d000000000000000, type: 0}
  m_NavMeshLayer: 0
  m_StaticEditorFlags: 0
  m_IsActive: 1
--- !u!4 &747456316150635095
Transform:
  m_ObjectHideFlags: 0
  m_CorrespondingSourceObject: {fileID: 0}
  m_PrefabInstance: {fileID: 0}
  m_PrefabAsset: {fileID: 0}
  m_GameObject: {fileID: 747456316150635088}
  m_LocalRotation: {x: 0, y: 0, z: 0, w: 1}
  m_LocalPosition: {x: 0, y: 0, z: 0.474}
  m_LocalScale: {x: 1, y: 1, z: 1}
  m_ConstrainProportionsScale: 0
  m_Children: []
  m_Father: {fileID: 747456316522835393}
  m_RootOrder: 0
  m_LocalEulerAnglesHint: {x: 0, y: 0, z: 0}
--- !u!114 &7624442543413258244
MonoBehaviour:
  m_ObjectHideFlags: 0
  m_CorrespondingSourceObject: {fileID: 0}
  m_PrefabInstance: {fileID: 0}
  m_PrefabAsset: {fileID: 0}
  m_GameObject: {fileID: 747456316150635088}
  m_Enabled: 1
  m_EditorHideFlags: 0
  m_Script: {fileID: 11500000, guid: aa584fbee541324448dd18d8409c7a41, type: 3}
  m_Name: 
  m_EditorClassIdentifier: 
  ObservedComponentsFoldoutOpen: 1
  Group: 0
  prefixField: -1
  Synchronization: 3
  OwnershipTransfer: 0
  observableSearch: 2
  ObservedComponents: []
  sceneViewId: 0
  InstantiationId: 0
  isRuntimeInstantiated: 0
--- !u!1 &747456316181423715
GameObject:
  m_ObjectHideFlags: 0
  m_CorrespondingSourceObject: {fileID: 0}
  m_PrefabInstance: {fileID: 0}
  m_PrefabAsset: {fileID: 0}
  serializedVersion: 6
  m_Component:
  - component: {fileID: 747456316181423714}
  - component: {fileID: 747456316181423717}
  - component: {fileID: 747456316181423716}
  - component: {fileID: 8273512803250187166}
  - component: {fileID: 5679337443749573585}
  - component: {fileID: 5558901875790097664}
  - component: {fileID: 8546625513918787638}
  m_Layer: 6
  m_Name: Player
  m_TagString: Untagged
  m_Icon: {fileID: 0}
  m_NavMeshLayer: 0
  m_StaticEditorFlags: 0
  m_IsActive: 1
--- !u!4 &747456316181423714
Transform:
  m_ObjectHideFlags: 0
  m_CorrespondingSourceObject: {fileID: 0}
  m_PrefabInstance: {fileID: 0}
  m_PrefabAsset: {fileID: 0}
  m_GameObject: {fileID: 747456316181423715}
  m_LocalRotation: {x: -0, y: -0, z: -0, w: 1}
  m_LocalPosition: {x: 0, y: 0, z: 0}
  m_LocalScale: {x: 1, y: 1, z: 1}
  m_ConstrainProportionsScale: 0
  m_Children:
  - {fileID: 747456316522835393}
  - {fileID: 470781830298257507}
  m_Father: {fileID: 747456315397642597}
  m_RootOrder: 1
  m_LocalEulerAnglesHint: {x: 0, y: 0, z: 0}
--- !u!143 &747456316181423717
CharacterController:
  m_ObjectHideFlags: 0
  m_CorrespondingSourceObject: {fileID: 0}
  m_PrefabInstance: {fileID: 0}
  m_PrefabAsset: {fileID: 0}
  m_GameObject: {fileID: 747456316181423715}
  m_Material: {fileID: 0}
  m_IsTrigger: 0
  m_Enabled: 1
  serializedVersion: 2
  m_Height: 2.05
  m_Radius: 0.43
  m_SlopeLimit: 45
  m_StepOffset: 0.3
  m_SkinWidth: 0.08
  m_MinMoveDistance: 0.001
  m_Center: {x: 0, y: 0, z: 0}
--- !u!114 &747456316181423716
MonoBehaviour:
  m_ObjectHideFlags: 0
  m_CorrespondingSourceObject: {fileID: 0}
  m_PrefabInstance: {fileID: 0}
  m_PrefabAsset: {fileID: 0}
  m_GameObject: {fileID: 747456316181423715}
  m_Enabled: 1
  m_EditorHideFlags: 0
  m_Script: {fileID: 11500000, guid: 62899f850307741f2a39c98a8b639597, type: 3}
  m_Name: 
  m_EditorClassIdentifier: 
  m_Actions: {fileID: -944628639613478452, guid: 5cea0e75584c48a40b677559cd06b4f5,
    type: 3}
  m_NotificationBehavior: 2
  m_UIInputModule: {fileID: 0}
  m_DeviceLostEvent:
    m_PersistentCalls:
      m_Calls: []
  m_DeviceRegainedEvent:
    m_PersistentCalls:
      m_Calls: []
  m_ControlsChangedEvent:
    m_PersistentCalls:
      m_Calls: []
  m_ActionEvents:
  - m_PersistentCalls:
      m_Calls:
      - m_Target: {fileID: 8273512803250187166}
        m_TargetAssemblyTypeName: MultiPlayerControllerSys, Assembly-CSharp
        m_MethodName: Move
        m_Mode: 0
        m_Arguments:
          m_ObjectArgument: {fileID: 0}
          m_ObjectArgumentAssemblyTypeName: UnityEngine.Object, UnityEngine
          m_IntArgument: 0
          m_FloatArgument: 0
          m_StringArgument: 
          m_BoolArgument: 0
        m_CallState: 2
    m_ActionId: 89da65ba-686e-4ca0-b521-7cfcee2d6429
    m_ActionName: Gameplay/Move[/Keyboard/w,/Keyboard/s,/Keyboard/a,/Keyboard/d]
  - m_PersistentCalls:
      m_Calls:
      - m_Target: {fileID: 8273512803250187166}
        m_TargetAssemblyTypeName: MultiPlayerControllerSys, Assembly-CSharp
        m_MethodName: MousePosition
        m_Mode: 0
        m_Arguments:
          m_ObjectArgument: {fileID: 0}
          m_ObjectArgumentAssemblyTypeName: UnityEngine.Object, UnityEngine
          m_IntArgument: 0
          m_FloatArgument: 0
          m_StringArgument: 
          m_BoolArgument: 0
        m_CallState: 2
    m_ActionId: f87dd4d6-7b98-47b1-b5f4-484a16e3e399
    m_ActionName: Gameplay/MousePosition[/Mouse/position]
  - m_PersistentCalls:
      m_Calls:
      - m_Target: {fileID: 8273512803250187166}
        m_TargetAssemblyTypeName: MultiPlayerControllerSys, Assembly-CSharp
        m_MethodName: Fire
        m_Mode: 0
        m_Arguments:
          m_ObjectArgument: {fileID: 0}
          m_ObjectArgumentAssemblyTypeName: UnityEngine.Object, UnityEngine
          m_IntArgument: 0
          m_FloatArgument: 0
          m_StringArgument: 
          m_BoolArgument: 0
        m_CallState: 2
    m_ActionId: ba86c36a-ad4e-4a5d-bdff-8c73f9d9b2da
    m_ActionName: Gameplay/Fire[/Mouse/leftButton]
  - m_PersistentCalls:
      m_Calls:
      - m_Target: {fileID: 8273512803250187166}
        m_TargetAssemblyTypeName: MultiPlayerControllerSys, Assembly-CSharp
        m_MethodName: SecondaryFire
        m_Mode: 0
        m_Arguments:
          m_ObjectArgument: {fileID: 0}
          m_ObjectArgumentAssemblyTypeName: UnityEngine.Object, UnityEngine
          m_IntArgument: 0
          m_FloatArgument: 0
          m_StringArgument: 
          m_BoolArgument: 0
        m_CallState: 2
    m_ActionId: c7ed22e3-c7f2-4e83-bd3a-e73257f0be3e
    m_ActionName: Gameplay/SecondaryFire[/Mouse/rightButton]
  - m_PersistentCalls:
      m_Calls: []
    m_ActionId: df88b739-ebe9-4f2e-a265-3c97f3cb1473
    m_ActionName: Gameplay/Skill[/Keyboard/e]
  - m_PersistentCalls:
      m_Calls:
      - m_Target: {fileID: 8273512803250187166}
        m_TargetAssemblyTypeName: MultiPlayerControllerSys, Assembly-CSharp
        m_MethodName: Ult
        m_Mode: 0
        m_Arguments:
          m_ObjectArgument: {fileID: 0}
          m_ObjectArgumentAssemblyTypeName: UnityEngine.Object, UnityEngine
          m_IntArgument: 0
          m_FloatArgument: 0
          m_StringArgument: 
          m_BoolArgument: 0
        m_CallState: 2
    m_ActionId: d3507a89-c07c-470f-96c4-17669ea557bb
    m_ActionName: Gameplay/Ultimate[/Keyboard/q]
  - m_PersistentCalls:
      m_Calls:
      - m_Target: {fileID: 8273512803250187166}
        m_TargetAssemblyTypeName: MultiPlayerControllerSys, Assembly-CSharp
        m_MethodName: Inter
        m_Mode: 0
        m_Arguments:
          m_ObjectArgument: {fileID: 0}
          m_ObjectArgumentAssemblyTypeName: UnityEngine.Object, UnityEngine
          m_IntArgument: 0
          m_FloatArgument: 0
          m_StringArgument: 
          m_BoolArgument: 0
        m_CallState: 2
    m_ActionId: a26b2e9d-deae-44fb-94cb-98e22143e4ae
    m_ActionName: Gameplay/Interaction[/Keyboard/f]
  m_NeverAutoSwitchControlSchemes: 0
  m_DefaultControlScheme: 
  m_DefaultActionMap: Gameplay
  m_SplitScreenIndex: -1
  m_Camera: {fileID: 0}
--- !u!114 &8273512803250187166
MonoBehaviour:
  m_ObjectHideFlags: 0
  m_CorrespondingSourceObject: {fileID: 0}
  m_PrefabInstance: {fileID: 0}
  m_PrefabAsset: {fileID: 0}
  m_GameObject: {fileID: 747456316181423715}
  m_Enabled: 1
  m_EditorHideFlags: 0
  m_Script: {fileID: 11500000, guid: 259d067060cf25f498ee0bac05fbffd4, type: 3}
  m_Name: 
  m_EditorClassIdentifier: 
  _input: {x: 0, y: 0}
  onDash: 0
  camera1: {fileID: 1553005284096902222}
  trailMaterials:
  - {fileID: 2100000, guid: c295fd817a643604a9d4c292a38eef37, type: 2}
  - {fileID: 2100000, guid: 31e2538beb521b749ae3fc767af5ae35, type: 2}
  - {fileID: 2100000, guid: 1f4ad8ed0e55a9341bc7e4730734ffcd, type: 2}
  - {fileID: 2100000, guid: 0cb69cd7b4b1fa2459a123b732c74e1f, type: 2}
  CamObject: {fileID: 1553005283668433628}
--- !u!96 &5679337443749573585
TrailRenderer:
  serializedVersion: 2
  m_ObjectHideFlags: 0
  m_CorrespondingSourceObject: {fileID: 0}
  m_PrefabInstance: {fileID: 0}
  m_PrefabAsset: {fileID: 0}
  m_GameObject: {fileID: 747456316181423715}
  m_Enabled: 1
  m_CastShadows: 0
  m_ReceiveShadows: 1
  m_DynamicOccludee: 1
  m_StaticShadowCaster: 0
  m_MotionVectors: 0
  m_LightProbeUsage: 0
  m_ReflectionProbeUsage: 0
  m_RayTracingMode: 0
  m_RayTraceProcedural: 0
  m_RenderingLayerMask: 257
  m_RendererPriority: 0
  m_Materials:
  - {fileID: 2100000, guid: 451ec665f1b2aa443954f2216dc87544, type: 2}
  m_StaticBatchInfo:
    firstSubMesh: 0
    subMeshCount: 0
  m_StaticBatchRoot: {fileID: 0}
  m_ProbeAnchor: {fileID: 0}
  m_LightProbeVolumeOverride: {fileID: 0}
  m_ScaleInLightmap: 1
  m_ReceiveGI: 1
  m_PreserveUVs: 0
  m_IgnoreNormalsForChartDetection: 0
  m_ImportantGI: 0
  m_StitchLightmapSeams: 1
  m_SelectedEditorRenderState: 3
  m_MinimumChartSize: 4
  m_AutoUVMaxDistance: 0.5
  m_AutoUVMaxAngle: 89
  m_LightmapParameters: {fileID: 0}
  m_SortingLayerID: 0
  m_SortingLayer: 0
  m_SortingOrder: 0
  m_Time: 0.3
  m_Parameters:
    serializedVersion: 3
    widthMultiplier: 1
    widthCurve:
      serializedVersion: 2
      m_Curve:
      - serializedVersion: 3
        time: 0
        value: 0.61904675
        inSlope: 0
        outSlope: 0
        tangentMode: 0
        weightedMode: 0
        inWeight: 0.33333334
        outWeight: 0.33333334
      - serializedVersion: 3
        time: 1
        value: 0.12698412
        inSlope: 0
        outSlope: 0
        tangentMode: 0
        weightedMode: 0
        inWeight: 0
        outWeight: 0
      m_PreInfinity: 2
      m_PostInfinity: 2
      m_RotationOrder: 4
    colorGradient:
      serializedVersion: 2
      key0: {r: 1, g: 1, b: 1, a: 1}
      key1: {r: 1, g: 1, b: 1, a: 1}
      key2: {r: 0, g: 0, b: 0, a: 0}
      key3: {r: 0, g: 0, b: 0, a: 0}
      key4: {r: 0, g: 0, b: 0, a: 0}
      key5: {r: 0, g: 0, b: 0, a: 0}
      key6: {r: 0, g: 0, b: 0, a: 0}
      key7: {r: 0, g: 0, b: 0, a: 0}
      ctime0: 0
      ctime1: 65535
      ctime2: 0
      ctime3: 0
      ctime4: 0
      ctime5: 0
      ctime6: 0
      ctime7: 0
      atime0: 0
      atime1: 65535
      atime2: 0
      atime3: 0
      atime4: 0
      atime5: 0
      atime6: 0
      atime7: 0
      m_Mode: 0
      m_NumColorKeys: 2
      m_NumAlphaKeys: 2
    numCornerVertices: 0
    numCapVertices: 0
    alignment: 0
    textureMode: 0
    shadowBias: 0.5
    generateLightingData: 0
  m_MinVertexDistance: 0
  m_Autodestruct: 0
  m_Emitting: 0
--- !u!114 &5558901875790097664
MonoBehaviour:
  m_ObjectHideFlags: 0
  m_CorrespondingSourceObject: {fileID: 0}
  m_PrefabInstance: {fileID: 0}
  m_PrefabAsset: {fileID: 0}
  m_GameObject: {fileID: 747456316181423715}
  m_Enabled: 1
  m_EditorHideFlags: 0
  m_Script: {fileID: 11500000, guid: aa584fbee541324448dd18d8409c7a41, type: 3}
  m_Name: 
  m_EditorClassIdentifier: 
  ObservedComponentsFoldoutOpen: 1
  Group: 0
  prefixField: -1
  Synchronization: 3
  OwnershipTransfer: 0
  observableSearch: 2
  ObservedComponents: []
  sceneViewId: 0
  InstantiationId: 0
  isRuntimeInstantiated: 0
--- !u!114 &8546625513918787638
MonoBehaviour:
  m_ObjectHideFlags: 0
  m_CorrespondingSourceObject: {fileID: 0}
  m_PrefabInstance: {fileID: 0}
  m_PrefabAsset: {fileID: 0}
  m_GameObject: {fileID: 747456316181423715}
  m_Enabled: 1
  m_EditorHideFlags: 0
  m_Script: {fileID: 11500000, guid: 627855c7f81362d41938ffe0b1475957, type: 3}
  m_Name: 
  m_EditorClassIdentifier: 
  m_SynchronizePosition: 1
  m_SynchronizeRotation: 1
  m_SynchronizeScale: 0
  m_UseLocal: 1
--- !u!1 &747456316522835405
GameObject:
  m_ObjectHideFlags: 0
  m_CorrespondingSourceObject: {fileID: 0}
  m_PrefabInstance: {fileID: 0}
  m_PrefabAsset: {fileID: 0}
  serializedVersion: 6
  m_Component:
  - component: {fileID: 747456316522835393}
  - component: {fileID: 747456316522835394}
  - component: {fileID: 747456316522835395}
  - component: {fileID: 6464235869857441617}
  - component: {fileID: 5084019010800991059}
  m_Layer: 6
  m_Name: Weapon
  m_TagString: Untagged
  m_Icon: {fileID: 0}
  m_NavMeshLayer: 0
  m_StaticEditorFlags: 0
  m_IsActive: 1
--- !u!4 &747456316522835393
Transform:
  m_ObjectHideFlags: 0
  m_CorrespondingSourceObject: {fileID: 0}
  m_PrefabInstance: {fileID: 0}
  m_PrefabAsset: {fileID: 0}
  m_GameObject: {fileID: 747456316522835405}
  m_LocalRotation: {x: -0, y: -0, z: -0, w: 1}
  m_LocalPosition: {x: 0.051, y: 0.161, z: 0.5}
  m_LocalScale: {x: 0.19, y: 0.32, z: 1}
  m_ConstrainProportionsScale: 0
  m_Children:
  - {fileID: 747456316150635095}
  - {fileID: 747456315587868925}
  - {fileID: 747456317064449128}
  m_Father: {fileID: 747456316181423714}
  m_RootOrder: 0
  m_LocalEulerAnglesHint: {x: 0, y: 0, z: 0}
--- !u!33 &747456316522835394
MeshFilter:
  m_ObjectHideFlags: 0
  m_CorrespondingSourceObject: {fileID: 0}
  m_PrefabInstance: {fileID: 0}
  m_PrefabAsset: {fileID: 0}
  m_GameObject: {fileID: 747456316522835405}
  m_Mesh: {fileID: 10202, guid: 0000000000000000e000000000000000, type: 0}
--- !u!23 &747456316522835395
MeshRenderer:
  m_ObjectHideFlags: 0
  m_CorrespondingSourceObject: {fileID: 0}
  m_PrefabInstance: {fileID: 0}
  m_PrefabAsset: {fileID: 0}
  m_GameObject: {fileID: 747456316522835405}
  m_Enabled: 0
  m_CastShadows: 1
  m_ReceiveShadows: 1
  m_DynamicOccludee: 1
  m_StaticShadowCaster: 0
  m_MotionVectors: 1
  m_LightProbeUsage: 1
  m_ReflectionProbeUsage: 1
  m_RayTracingMode: 2
  m_RayTraceProcedural: 0
  m_RenderingLayerMask: 257
  m_RendererPriority: 0
  m_Materials:
  - {fileID: 2100000, guid: 73c176f402d2c2f4d929aa5da7585d17, type: 2}
  m_StaticBatchInfo:
    firstSubMesh: 0
    subMeshCount: 0
  m_StaticBatchRoot: {fileID: 0}
  m_ProbeAnchor: {fileID: 0}
  m_LightProbeVolumeOverride: {fileID: 0}
  m_ScaleInLightmap: 1
  m_ReceiveGI: 1
  m_PreserveUVs: 0
  m_IgnoreNormalsForChartDetection: 0
  m_ImportantGI: 0
  m_StitchLightmapSeams: 1
  m_SelectedEditorRenderState: 3
  m_MinimumChartSize: 4
  m_AutoUVMaxDistance: 0.5
  m_AutoUVMaxAngle: 89
  m_LightmapParameters: {fileID: 0}
  m_SortingLayerID: 0
  m_SortingLayer: 0
  m_SortingOrder: 0
  m_AdditionalVertexStreams: {fileID: 0}
--- !u!114 &6464235869857441617
MonoBehaviour:
  m_ObjectHideFlags: 0
  m_CorrespondingSourceObject: {fileID: 0}
  m_PrefabInstance: {fileID: 0}
  m_PrefabAsset: {fileID: 0}
  m_GameObject: {fileID: 747456316522835405}
  m_Enabled: 1
  m_EditorHideFlags: 0
  m_Script: {fileID: 11500000, guid: 89581b5af561d4f4fa5956453c5ad475, type: 3}
  m_Name: 
  m_EditorClassIdentifier: 
  offsetPoint:
  - {fileID: 747456316150635095}
  - {fileID: 747456315587868925}
  - {fileID: 747456317064449128}
  ProjectilePrefab:
  - {fileID: 1473103337094032, guid: 12500b2a429d5e64fb091ba2635869ee, type: 3}
  - {fileID: 1473103337094032, guid: 12500b2a429d5e64fb091ba2635869ee, type: 3}
  - {fileID: 1311559214229084, guid: f63c4366c5ce43746b0b36627abceb0e, type: 3}
  - {fileID: 6041046152138454382, guid: 8ce12056d09659e41b74f25aef6eb238, type: 3}
  firingSpeed: 2
  angle: 0.1
--- !u!114 &5084019010800991059
MonoBehaviour:
  m_ObjectHideFlags: 0
  m_CorrespondingSourceObject: {fileID: 0}
  m_PrefabInstance: {fileID: 0}
  m_PrefabAsset: {fileID: 0}
  m_GameObject: {fileID: 747456316522835405}
  m_Enabled: 1
  m_EditorHideFlags: 0
  m_Script: {fileID: 11500000, guid: aa584fbee541324448dd18d8409c7a41, type: 3}
  m_Name: 
  m_EditorClassIdentifier: 
  ObservedComponentsFoldoutOpen: 1
  Group: 0
  prefixField: -1
  Synchronization: 3
  OwnershipTransfer: 0
  observableSearch: 2
  ObservedComponents: []
  sceneViewId: 0
  InstantiationId: 0
  isRuntimeInstantiated: 0
--- !u!1 &747456316852702012
GameObject:
  m_ObjectHideFlags: 0
  m_CorrespondingSourceObject: {fileID: 0}
  m_PrefabInstance: {fileID: 0}
  m_PrefabAsset: {fileID: 0}
  serializedVersion: 6
  m_Component:
  - component: {fileID: 747456316852702003}
  m_Layer: 6
  m_Name: CameraHold
  m_TagString: Untagged
  m_Icon: {fileID: 6519382022992737161, guid: 0000000000000000d000000000000000, type: 0}
  m_NavMeshLayer: 0
  m_StaticEditorFlags: 0
  m_IsActive: 1
--- !u!4 &747456316852702003
Transform:
  m_ObjectHideFlags: 0
  m_CorrespondingSourceObject: {fileID: 0}
  m_PrefabInstance: {fileID: 0}
  m_PrefabAsset: {fileID: 0}
  m_GameObject: {fileID: 747456316852702012}
  m_LocalRotation: {x: -0, y: -0, z: -0, w: 1}
  m_LocalPosition: {x: 0, y: 2.67, z: 0}
  m_LocalScale: {x: 1, y: 1, z: 1}
  m_ConstrainProportionsScale: 0
  m_Children: []
  m_Father: {fileID: 747456315397642597}
  m_RootOrder: 0
  m_LocalEulerAnglesHint: {x: 0, y: 0, z: 0}
--- !u!1 &747456317064449129
GameObject:
  m_ObjectHideFlags: 0
  m_CorrespondingSourceObject: {fileID: 0}
  m_PrefabInstance: {fileID: 0}
  m_PrefabAsset: {fileID: 0}
  serializedVersion: 6
  m_Component:
  - component: {fileID: 747456317064449128}
  - component: {fileID: 4542146729979946252}
  m_Layer: 6
  m_Name: offset (2)
  m_TagString: Untagged
  m_Icon: {fileID: -5938655980376293919, guid: 0000000000000000d000000000000000, type: 0}
  m_NavMeshLayer: 0
  m_StaticEditorFlags: 0
  m_IsActive: 1
--- !u!4 &747456317064449128
Transform:
  m_ObjectHideFlags: 0
  m_CorrespondingSourceObject: {fileID: 0}
  m_PrefabInstance: {fileID: 0}
  m_PrefabAsset: {fileID: 0}
  m_GameObject: {fileID: 747456317064449129}
  m_LocalRotation: {x: 0, y: 0.08715578, z: 0, w: 0.9961947}
  m_LocalPosition: {x: 2.37, y: 0, z: 0.175}
  m_LocalScale: {x: 1, y: 1, z: 1}
  m_ConstrainProportionsScale: 0
  m_Children: []
  m_Father: {fileID: 747456316522835393}
  m_RootOrder: 2
  m_LocalEulerAnglesHint: {x: 0, y: 10, z: 0}
--- !u!114 &4542146729979946252
MonoBehaviour:
  m_ObjectHideFlags: 0
  m_CorrespondingSourceObject: {fileID: 0}
  m_PrefabInstance: {fileID: 0}
  m_PrefabAsset: {fileID: 0}
  m_GameObject: {fileID: 747456317064449129}
  m_Enabled: 1
  m_EditorHideFlags: 0
  m_Script: {fileID: 11500000, guid: aa584fbee541324448dd18d8409c7a41, type: 3}
  m_Name: 
  m_EditorClassIdentifier: 
  ObservedComponentsFoldoutOpen: 1
  Group: 0
  prefixField: -1
  Synchronization: 3
  OwnershipTransfer: 0
  observableSearch: 2
  ObservedComponents: []
  sceneViewId: 0
  InstantiationId: 0
  isRuntimeInstantiated: 0
--- !u!1001 &4671639523052488752
PrefabInstance:
  m_ObjectHideFlags: 0
  serializedVersion: 2
  m_Modification:
    m_TransformParent: {fileID: 747456315397642597}
    m_Modifications:
    - target: {fileID: 1190038059534011717, guid: 9fbf232ab25315c4daf73d905bbdefd4,
        type: 3}
      propertyPath: _Element
      value: 2
      objectReference: {fileID: 0}
    - target: {fileID: 4891624022483086915, guid: 9fbf232ab25315c4daf73d905bbdefd4,
        type: 3}
      propertyPath: m_Name
      value: Canvas_UltBar
      objectReference: {fileID: 0}
    - target: {fileID: 8292678531188876462, guid: 9fbf232ab25315c4daf73d905bbdefd4,
        type: 3}
      propertyPath: m_PresetInfoIsWorld
      value: 1
      objectReference: {fileID: 0}
    - target: {fileID: 8595612915482410483, guid: 9fbf232ab25315c4daf73d905bbdefd4,
        type: 3}
      propertyPath: m_Pivot.x
      value: 0.5
      objectReference: {fileID: 0}
    - target: {fileID: 8595612915482410483, guid: 9fbf232ab25315c4daf73d905bbdefd4,
        type: 3}
      propertyPath: m_Pivot.y
      value: 0.5
      objectReference: {fileID: 0}
    - target: {fileID: 8595612915482410483, guid: 9fbf232ab25315c4daf73d905bbdefd4,
        type: 3}
      propertyPath: m_RootOrder
      value: 4
      objectReference: {fileID: 0}
    - target: {fileID: 8595612915482410483, guid: 9fbf232ab25315c4daf73d905bbdefd4,
        type: 3}
      propertyPath: m_AnchorMax.x
      value: 0.5
      objectReference: {fileID: 0}
    - target: {fileID: 8595612915482410483, guid: 9fbf232ab25315c4daf73d905bbdefd4,
        type: 3}
      propertyPath: m_AnchorMax.y
      value: 0.5
      objectReference: {fileID: 0}
    - target: {fileID: 8595612915482410483, guid: 9fbf232ab25315c4daf73d905bbdefd4,
        type: 3}
      propertyPath: m_AnchorMin.x
      value: 0.5
      objectReference: {fileID: 0}
    - target: {fileID: 8595612915482410483, guid: 9fbf232ab25315c4daf73d905bbdefd4,
        type: 3}
      propertyPath: m_AnchorMin.y
      value: 0.5
      objectReference: {fileID: 0}
    - target: {fileID: 8595612915482410483, guid: 9fbf232ab25315c4daf73d905bbdefd4,
        type: 3}
      propertyPath: m_SizeDelta.x
      value: 100
      objectReference: {fileID: 0}
    - target: {fileID: 8595612915482410483, guid: 9fbf232ab25315c4daf73d905bbdefd4,
        type: 3}
      propertyPath: m_SizeDelta.y
      value: 100
      objectReference: {fileID: 0}
    - target: {fileID: 8595612915482410483, guid: 9fbf232ab25315c4daf73d905bbdefd4,
        type: 3}
      propertyPath: m_LocalPosition.x
      value: 0
      objectReference: {fileID: 0}
    - target: {fileID: 8595612915482410483, guid: 9fbf232ab25315c4daf73d905bbdefd4,
        type: 3}
      propertyPath: m_LocalPosition.y
      value: 0
      objectReference: {fileID: 0}
    - target: {fileID: 8595612915482410483, guid: 9fbf232ab25315c4daf73d905bbdefd4,
        type: 3}
      propertyPath: m_LocalPosition.z
      value: 0
      objectReference: {fileID: 0}
    - target: {fileID: 8595612915482410483, guid: 9fbf232ab25315c4daf73d905bbdefd4,
        type: 3}
      propertyPath: m_LocalRotation.w
      value: 0
      objectReference: {fileID: 0}
    - target: {fileID: 8595612915482410483, guid: 9fbf232ab25315c4daf73d905bbdefd4,
        type: 3}
      propertyPath: m_LocalRotation.x
      value: 0
      objectReference: {fileID: 0}
    - target: {fileID: 8595612915482410483, guid: 9fbf232ab25315c4daf73d905bbdefd4,
        type: 3}
      propertyPath: m_LocalRotation.y
      value: 1
      objectReference: {fileID: 0}
    - target: {fileID: 8595612915482410483, guid: 9fbf232ab25315c4daf73d905bbdefd4,
        type: 3}
      propertyPath: m_LocalRotation.z
      value: 0
      objectReference: {fileID: 0}
    - target: {fileID: 8595612915482410483, guid: 9fbf232ab25315c4daf73d905bbdefd4,
        type: 3}
      propertyPath: m_AnchoredPosition.x
      value: 0
      objectReference: {fileID: 0}
    - target: {fileID: 8595612915482410483, guid: 9fbf232ab25315c4daf73d905bbdefd4,
        type: 3}
      propertyPath: m_AnchoredPosition.y
      value: 1.7499999
      objectReference: {fileID: 0}
    - target: {fileID: 8595612915482410483, guid: 9fbf232ab25315c4daf73d905bbdefd4,
        type: 3}
      propertyPath: m_LocalEulerAnglesHint.x
      value: 0
      objectReference: {fileID: 0}
    - target: {fileID: 8595612915482410483, guid: 9fbf232ab25315c4daf73d905bbdefd4,
        type: 3}
      propertyPath: m_LocalEulerAnglesHint.y
      value: 180
      objectReference: {fileID: 0}
    - target: {fileID: 8595612915482410483, guid: 9fbf232ab25315c4daf73d905bbdefd4,
        type: 3}
      propertyPath: m_LocalEulerAnglesHint.z
      value: 0
      objectReference: {fileID: 0}
    m_RemovedComponents: []
  m_SourcePrefab: {fileID: 100100000, guid: 9fbf232ab25315c4daf73d905bbdefd4, type: 3}
--- !u!224 &4007428524006618563 stripped
RectTransform:
  m_CorrespondingSourceObject: {fileID: 8595612915482410483, guid: 9fbf232ab25315c4daf73d905bbdefd4,
    type: 3}
  m_PrefabInstance: {fileID: 4671639523052488752}
  m_PrefabAsset: {fileID: 0}
--- !u!1001 &7842888108491575097
PrefabInstance:
  m_ObjectHideFlags: 0
  serializedVersion: 2
  m_Modification:
    m_TransformParent: {fileID: 747456315397642597}
    m_Modifications:
    - target: {fileID: 8744560275918687051, guid: d778f926a0691984cb7ea6d1dbf11d49,
        type: 3}
      propertyPath: m_LocalRotation.w
      value: 0.8600729
      objectReference: {fileID: 0}
    - target: {fileID: 8744560275918687051, guid: d778f926a0691984cb7ea6d1dbf11d49,
        type: 3}
      propertyPath: m_LocalRotation.y
      value: -0.00000004439622
      objectReference: {fileID: 0}
    - target: {fileID: 8744560275918687051, guid: d778f926a0691984cb7ea6d1dbf11d49,
        type: 3}
      propertyPath: m_LocalRotation.z
      value: 0.0000000263346
      objectReference: {fileID: 0}
    - target: {fileID: 8744560276614551010, guid: d778f926a0691984cb7ea6d1dbf11d49,
        type: 3}
      propertyPath: m_RootOrder
      value: 2
      objectReference: {fileID: 0}
    - target: {fileID: 8744560276614551010, guid: d778f926a0691984cb7ea6d1dbf11d49,
        type: 3}
      propertyPath: m_LocalPosition.x
      value: 0
      objectReference: {fileID: 0}
    - target: {fileID: 8744560276614551010, guid: d778f926a0691984cb7ea6d1dbf11d49,
        type: 3}
      propertyPath: m_LocalPosition.y
      value: 0
      objectReference: {fileID: 0}
    - target: {fileID: 8744560276614551010, guid: d778f926a0691984cb7ea6d1dbf11d49,
        type: 3}
      propertyPath: m_LocalPosition.z
      value: 0
      objectReference: {fileID: 0}
    - target: {fileID: 8744560276614551010, guid: d778f926a0691984cb7ea6d1dbf11d49,
        type: 3}
      propertyPath: m_LocalRotation.w
      value: 1
      objectReference: {fileID: 0}
    - target: {fileID: 8744560276614551010, guid: d778f926a0691984cb7ea6d1dbf11d49,
        type: 3}
      propertyPath: m_LocalRotation.x
      value: -0
      objectReference: {fileID: 0}
    - target: {fileID: 8744560276614551010, guid: d778f926a0691984cb7ea6d1dbf11d49,
        type: 3}
      propertyPath: m_LocalRotation.y
      value: -0
      objectReference: {fileID: 0}
    - target: {fileID: 8744560276614551010, guid: d778f926a0691984cb7ea6d1dbf11d49,
        type: 3}
      propertyPath: m_LocalRotation.z
      value: -0
      objectReference: {fileID: 0}
    - target: {fileID: 8744560276614551010, guid: d778f926a0691984cb7ea6d1dbf11d49,
        type: 3}
      propertyPath: m_LocalEulerAnglesHint.x
      value: 0
      objectReference: {fileID: 0}
    - target: {fileID: 8744560276614551010, guid: d778f926a0691984cb7ea6d1dbf11d49,
        type: 3}
      propertyPath: m_LocalEulerAnglesHint.y
      value: 0
      objectReference: {fileID: 0}
    - target: {fileID: 8744560276614551010, guid: d778f926a0691984cb7ea6d1dbf11d49,
        type: 3}
      propertyPath: m_LocalEulerAnglesHint.z
      value: 0
      objectReference: {fileID: 0}
    - target: {fileID: 8744560276614551013, guid: d778f926a0691984cb7ea6d1dbf11d49,
        type: 3}
      propertyPath: m_Name
      value: CamearObjectCam
      objectReference: {fileID: 0}
    - target: {fileID: 8744560276735980394, guid: d778f926a0691984cb7ea6d1dbf11d49,
        type: 3}
      propertyPath: m_LocalRotation.y
      value: -0.000000022198105
      objectReference: {fileID: 0}
    - target: {fileID: 8744560276735980394, guid: d778f926a0691984cb7ea6d1dbf11d49,
        type: 3}
      propertyPath: m_LocalRotation.z
      value: 0.0000000131672975
      objectReference: {fileID: 0}
    - target: {fileID: 8744560277539048307, guid: d778f926a0691984cb7ea6d1dbf11d49,
        type: 3}
      propertyPath: m_Follow
      value: 
      objectReference: {fileID: 747456315397642597}
    - target: {fileID: 8744560277539048307, guid: d778f926a0691984cb7ea6d1dbf11d49,
        type: 3}
      propertyPath: m_LookAt
      value: 
      objectReference: {fileID: 747456315397642597}
    - target: {fileID: 8744560277573921932, guid: d778f926a0691984cb7ea6d1dbf11d49,
        type: 3}
      propertyPath: m_LocalRotation.y
      value: -0.000000033441633
      objectReference: {fileID: 0}
    - target: {fileID: 8744560277573921932, guid: d778f926a0691984cb7ea6d1dbf11d49,
        type: 3}
      propertyPath: m_LocalRotation.z
      value: 0.0000000190251
      objectReference: {fileID: 0}
    m_RemovedComponents: []
  m_SourcePrefab: {fileID: 100100000, guid: d778f926a0691984cb7ea6d1dbf11d49, type: 3}
--- !u!4 &1553005283668433627 stripped
Transform:
  m_CorrespondingSourceObject: {fileID: 8744560276614551010, guid: d778f926a0691984cb7ea6d1dbf11d49,
    type: 3}
  m_PrefabInstance: {fileID: 7842888108491575097}
  m_PrefabAsset: {fileID: 0}
--- !u!1 &1553005283668433628 stripped
GameObject:
  m_CorrespondingSourceObject: {fileID: 8744560276614551013, guid: d778f926a0691984cb7ea6d1dbf11d49,
    type: 3}
  m_PrefabInstance: {fileID: 7842888108491575097}
  m_PrefabAsset: {fileID: 0}
--- !u!20 &1553005284096902222 stripped
Camera:
  m_CorrespondingSourceObject: {fileID: 8744560275918687095, guid: d778f926a0691984cb7ea6d1dbf11d49,
    type: 3}
  m_PrefabInstance: {fileID: 7842888108491575097}
  m_PrefabAsset: {fileID: 0}
--- !u!1001 &8128960491221501632
PrefabInstance:
  m_ObjectHideFlags: 0
  serializedVersion: 2
  m_Modification:
    m_TransformParent: {fileID: 747456316181423714}
    m_Modifications:
    - target: {fileID: 7353392167346799128, guid: 055074e6892a96b409bb191d36d5c244,
        type: 3}
      propertyPath: m_Materials.Array.data[0]
      value: 
      objectReference: {fileID: 2100000, guid: 3d5938b4d4245c643af94f1df2bb2963, type: 2}
    - target: {fileID: 7353392167346799128, guid: 055074e6892a96b409bb191d36d5c244,
        type: 3}
      propertyPath: m_Materials.Array.data[1]
      value: 
      objectReference: {fileID: 2100000, guid: cf929bf41109ad44a8a27684f672ce34, type: 2}
    - target: {fileID: 7452425996992001050, guid: 055074e6892a96b409bb191d36d5c244,
        type: 3}
      propertyPath: m_Materials.Array.data[0]
      value: 
      objectReference: {fileID: 2100000, guid: bd3300abde2d4b4478e209f0de2a881a, type: 2}
    - target: {fileID: 8522873092795764387, guid: 055074e6892a96b409bb191d36d5c244,
        type: 3}
      propertyPath: m_RootOrder
      value: 1
      objectReference: {fileID: 0}
    - target: {fileID: 8522873092795764387, guid: 055074e6892a96b409bb191d36d5c244,
        type: 3}
      propertyPath: m_LocalScale.x
      value: 2
      objectReference: {fileID: 0}
    - target: {fileID: 8522873092795764387, guid: 055074e6892a96b409bb191d36d5c244,
        type: 3}
      propertyPath: m_LocalScale.y
      value: 2
      objectReference: {fileID: 0}
    - target: {fileID: 8522873092795764387, guid: 055074e6892a96b409bb191d36d5c244,
        type: 3}
      propertyPath: m_LocalScale.z
      value: 2
      objectReference: {fileID: 0}
    - target: {fileID: 8522873092795764387, guid: 055074e6892a96b409bb191d36d5c244,
        type: 3}
      propertyPath: m_LocalPosition.x
      value: 0
      objectReference: {fileID: 0}
    - target: {fileID: 8522873092795764387, guid: 055074e6892a96b409bb191d36d5c244,
        type: 3}
      propertyPath: m_LocalPosition.y
      value: -1
      objectReference: {fileID: 0}
    - target: {fileID: 8522873092795764387, guid: 055074e6892a96b409bb191d36d5c244,
        type: 3}
      propertyPath: m_LocalPosition.z
      value: 0
      objectReference: {fileID: 0}
    - target: {fileID: 8522873092795764387, guid: 055074e6892a96b409bb191d36d5c244,
        type: 3}
      propertyPath: m_LocalRotation.w
      value: 1
      objectReference: {fileID: 0}
    - target: {fileID: 8522873092795764387, guid: 055074e6892a96b409bb191d36d5c244,
        type: 3}
      propertyPath: m_LocalRotation.x
      value: -0
      objectReference: {fileID: 0}
    - target: {fileID: 8522873092795764387, guid: 055074e6892a96b409bb191d36d5c244,
        type: 3}
      propertyPath: m_LocalRotation.y
      value: -0
      objectReference: {fileID: 0}
    - target: {fileID: 8522873092795764387, guid: 055074e6892a96b409bb191d36d5c244,
        type: 3}
      propertyPath: m_LocalRotation.z
      value: -0
      objectReference: {fileID: 0}
    - target: {fileID: 8522873092795764387, guid: 055074e6892a96b409bb191d36d5c244,
        type: 3}
      propertyPath: m_LocalEulerAnglesHint.x
      value: 0
      objectReference: {fileID: 0}
    - target: {fileID: 8522873092795764387, guid: 055074e6892a96b409bb191d36d5c244,
        type: 3}
      propertyPath: m_LocalEulerAnglesHint.y
      value: 0
      objectReference: {fileID: 0}
    - target: {fileID: 8522873092795764387, guid: 055074e6892a96b409bb191d36d5c244,
        type: 3}
      propertyPath: m_LocalEulerAnglesHint.z
      value: 0
      objectReference: {fileID: 0}
    - target: {fileID: 8522873092795764387, guid: 055074e6892a96b409bb191d36d5c244,
        type: 3}
      propertyPath: m_ConstrainProportionsScale
      value: 1
      objectReference: {fileID: 0}
    - target: {fileID: 9010721297094923289, guid: 055074e6892a96b409bb191d36d5c244,
        type: 3}
      propertyPath: m_Name
      value: WaterPlayer_Model
      objectReference: {fileID: 0}
    m_RemovedComponents: []
  m_SourcePrefab: {fileID: 100100000, guid: 055074e6892a96b409bb191d36d5c244, type: 3}
--- !u!4 &470781830298257507 stripped
Transform:
  m_CorrespondingSourceObject: {fileID: 8522873092795764387, guid: 055074e6892a96b409bb191d36d5c244,
    type: 3}
  m_PrefabInstance: {fileID: 8128960491221501632}
  m_PrefabAsset: {fileID: 0}
--- !u!1 &991738838236959449 stripped
GameObject:
  m_CorrespondingSourceObject: {fileID: 9010721297094923289, guid: 055074e6892a96b409bb191d36d5c244,
    type: 3}
  m_PrefabInstance: {fileID: 8128960491221501632}
  m_PrefabAsset: {fileID: 0}
--- !u!114 &4920440248382276323
MonoBehaviour:
  m_ObjectHideFlags: 0
  m_CorrespondingSourceObject: {fileID: 0}
  m_PrefabInstance: {fileID: 0}
  m_PrefabAsset: {fileID: 0}
  m_GameObject: {fileID: 991738838236959449}
  m_Enabled: 1
  m_EditorHideFlags: 0
  m_Script: {fileID: 11500000, guid: 9b8c4a61274f60b4ea5fb4299cfdbf14, type: 3}
  m_Name: 
  m_EditorClassIdentifier: 
  ShowLayerWeightsInspector: 1
  ShowParameterInspector: 1
  m_SynchronizeParameters:
  - Type: 1
    SynchronizeType: 0
    Name: Speed
  - Type: 4
    SynchronizeType: 0
    Name: Moving
  m_SynchronizeLayers:
  - SynchronizeType: 0
    LayerIndex: 0
--- !u!114 &6384145280052975795
MonoBehaviour:
  m_ObjectHideFlags: 0
  m_CorrespondingSourceObject: {fileID: 0}
  m_PrefabInstance: {fileID: 0}
  m_PrefabAsset: {fileID: 0}
  m_GameObject: {fileID: 991738838236959449}
  m_Enabled: 1
  m_EditorHideFlags: 0
  m_Script: {fileID: 11500000, guid: aa584fbee541324448dd18d8409c7a41, type: 3}
  m_Name: 
  m_EditorClassIdentifier: 
  ObservedComponentsFoldoutOpen: 1
  Group: 0
  prefixField: -1
  Synchronization: 3
  OwnershipTransfer: 0
  observableSearch: 2
  ObservedComponents:
  - {fileID: 4920440248382276323}
  - {fileID: 6558048867926953206}
  sceneViewId: 0
  InstantiationId: 0
  isRuntimeInstantiated: 0
--- !u!114 &6558048867926953206
MonoBehaviour:
  m_ObjectHideFlags: 0
  m_CorrespondingSourceObject: {fileID: 0}
  m_PrefabInstance: {fileID: 0}
  m_PrefabAsset: {fileID: 0}
  m_GameObject: {fileID: 991738838236959449}
  m_Enabled: 1
  m_EditorHideFlags: 0
  m_Script: {fileID: 11500000, guid: 627855c7f81362d41938ffe0b1475957, type: 3}
  m_Name: 
  m_EditorClassIdentifier: 
  m_SynchronizePosition: 1
  m_SynchronizeRotation: 1
  m_SynchronizeScale: 0
  m_UseLocal: 1
--- !u!1001 &8590577777156617067
PrefabInstance:
  m_ObjectHideFlags: 0
  serializedVersion: 2
  m_Modification:
    m_TransformParent: {fileID: 747456315397642597}
    m_Modifications:
    - target: {fileID: 6910329502156654548, guid: 2e8f2d66089a4a449a48abbfd613debf,
        type: 3}
      propertyPath: m_Pivot.x
      value: 0.5
      objectReference: {fileID: 0}
    - target: {fileID: 6910329502156654548, guid: 2e8f2d66089a4a449a48abbfd613debf,
        type: 3}
      propertyPath: m_Pivot.y
      value: 0.5
      objectReference: {fileID: 0}
    - target: {fileID: 6910329502156654548, guid: 2e8f2d66089a4a449a48abbfd613debf,
        type: 3}
      propertyPath: m_RootOrder
      value: 3
      objectReference: {fileID: 0}
    - target: {fileID: 6910329502156654548, guid: 2e8f2d66089a4a449a48abbfd613debf,
        type: 3}
      propertyPath: m_AnchorMax.x
      value: 0.5
      objectReference: {fileID: 0}
    - target: {fileID: 6910329502156654548, guid: 2e8f2d66089a4a449a48abbfd613debf,
        type: 3}
      propertyPath: m_AnchorMax.y
      value: 0.5
      objectReference: {fileID: 0}
    - target: {fileID: 6910329502156654548, guid: 2e8f2d66089a4a449a48abbfd613debf,
        type: 3}
      propertyPath: m_AnchorMin.x
      value: 0.5
      objectReference: {fileID: 0}
    - target: {fileID: 6910329502156654548, guid: 2e8f2d66089a4a449a48abbfd613debf,
        type: 3}
      propertyPath: m_AnchorMin.y
      value: 0.5
      objectReference: {fileID: 0}
    - target: {fileID: 6910329502156654548, guid: 2e8f2d66089a4a449a48abbfd613debf,
        type: 3}
      propertyPath: m_SizeDelta.x
      value: 100
      objectReference: {fileID: 0}
    - target: {fileID: 6910329502156654548, guid: 2e8f2d66089a4a449a48abbfd613debf,
        type: 3}
      propertyPath: m_SizeDelta.y
      value: 100
      objectReference: {fileID: 0}
    - target: {fileID: 6910329502156654548, guid: 2e8f2d66089a4a449a48abbfd613debf,
        type: 3}
      propertyPath: m_LocalPosition.x
      value: 0
      objectReference: {fileID: 0}
    - target: {fileID: 6910329502156654548, guid: 2e8f2d66089a4a449a48abbfd613debf,
        type: 3}
      propertyPath: m_LocalPosition.y
      value: 0
      objectReference: {fileID: 0}
    - target: {fileID: 6910329502156654548, guid: 2e8f2d66089a4a449a48abbfd613debf,
        type: 3}
      propertyPath: m_LocalPosition.z
      value: 0
      objectReference: {fileID: 0}
    - target: {fileID: 6910329502156654548, guid: 2e8f2d66089a4a449a48abbfd613debf,
        type: 3}
      propertyPath: m_LocalRotation.w
      value: 0
      objectReference: {fileID: 0}
    - target: {fileID: 6910329502156654548, guid: 2e8f2d66089a4a449a48abbfd613debf,
        type: 3}
      propertyPath: m_LocalRotation.x
      value: 0
      objectReference: {fileID: 0}
    - target: {fileID: 6910329502156654548, guid: 2e8f2d66089a4a449a48abbfd613debf,
        type: 3}
      propertyPath: m_LocalRotation.y
      value: 1
      objectReference: {fileID: 0}
    - target: {fileID: 6910329502156654548, guid: 2e8f2d66089a4a449a48abbfd613debf,
        type: 3}
      propertyPath: m_LocalRotation.z
      value: 0
      objectReference: {fileID: 0}
    - target: {fileID: 6910329502156654548, guid: 2e8f2d66089a4a449a48abbfd613debf,
        type: 3}
      propertyPath: m_AnchoredPosition.x
      value: 0
      objectReference: {fileID: 0}
    - target: {fileID: 6910329502156654548, guid: 2e8f2d66089a4a449a48abbfd613debf,
        type: 3}
      propertyPath: m_AnchoredPosition.y
      value: 0.9999999
      objectReference: {fileID: 0}
    - target: {fileID: 6910329502156654548, guid: 2e8f2d66089a4a449a48abbfd613debf,
        type: 3}
      propertyPath: m_LocalEulerAnglesHint.x
      value: 0
      objectReference: {fileID: 0}
    - target: {fileID: 6910329502156654548, guid: 2e8f2d66089a4a449a48abbfd613debf,
        type: 3}
      propertyPath: m_LocalEulerAnglesHint.y
      value: 180
      objectReference: {fileID: 0}
    - target: {fileID: 6910329502156654548, guid: 2e8f2d66089a4a449a48abbfd613debf,
        type: 3}
      propertyPath: m_LocalEulerAnglesHint.z
      value: 0
      objectReference: {fileID: 0}
    - target: {fileID: 7731878293661193316, guid: 2e8f2d66089a4a449a48abbfd613debf,
        type: 3}
      propertyPath: m_Name
      value: Canvas_HpBar
      objectReference: {fileID: 0}
    m_RemovedComponents: []
  m_SourcePrefab: {fileID: 100100000, guid: 2e8f2d66089a4a449a48abbfd613debf, type: 3}
--- !u!114 &1772283815527362204 stripped
MonoBehaviour:
  m_CorrespondingSourceObject: {fileID: 8047851465385336311, guid: 2e8f2d66089a4a449a48abbfd613debf,
    type: 3}
  m_PrefabInstance: {fileID: 8590577777156617067}
  m_PrefabAsset: {fileID: 0}
  m_GameObject: {fileID: 0}
  m_Enabled: 1
  m_EditorHideFlags: 0
  m_Script: {fileID: 11500000, guid: f4688fdb7df04437aeb418b961361dc5, type: 3}
  m_Name: 
  m_EditorClassIdentifier: 
--- !u!224 &2941326546125452479 stripped
RectTransform:
  m_CorrespondingSourceObject: {fileID: 6910329502156654548, guid: 2e8f2d66089a4a449a48abbfd613debf,
    type: 3}
  m_PrefabInstance: {fileID: 8590577777156617067}
  m_PrefabAsset: {fileID: 0}
--- !u!114 &8343832984650744322 stripped
MonoBehaviour:
  m_CorrespondingSourceObject: {fileID: 359411785813684585, guid: 2e8f2d66089a4a449a48abbfd613debf,
    type: 3}
  m_PrefabInstance: {fileID: 8590577777156617067}
  m_PrefabAsset: {fileID: 0}
  m_GameObject: {fileID: 0}
  m_Enabled: 1
  m_EditorHideFlags: 0
  m_Script: {fileID: 11500000, guid: fe87c0e1cc204ed48ad3b37840f39efc, type: 3}
  m_Name: 
  m_EditorClassIdentifier: 
