%YAML 1.1
%TAG !u! tag:unity3d.com,2011:
--- !u!1 &5217991059508042249
GameObject:
  m_ObjectHideFlags: 0
  m_CorrespondingSourceObject: {fileID: 0}
  m_PrefabInstance: {fileID: 0}
  m_PrefabAsset: {fileID: 0}
  serializedVersion: 6
  m_Component:
  - component: {fileID: 5217991059508042245}
  - component: {fileID: 5217991059508042250}
  - component: {fileID: 5217991059508042251}
  - component: {fileID: 5217991059508042248}
  - component: {fileID: 5217991059508042244}
  - component: {fileID: 4345386009350993191}
  - component: {fileID: 6789381297492422091}
  m_Layer: 2
  m_Name: ReWater
  m_TagString: Untagged
  m_Icon: {fileID: 0}
  m_NavMeshLayer: 0
  m_StaticEditorFlags: 0
  m_IsActive: 1
--- !u!4 &5217991059508042245
Transform:
  m_ObjectHideFlags: 0
  m_CorrespondingSourceObject: {fileID: 0}
  m_PrefabInstance: {fileID: 0}
  m_PrefabAsset: {fileID: 0}
  m_GameObject: {fileID: 5217991059508042249}
  m_LocalRotation: {x: 0, y: 0, z: 0, w: 1}
  m_LocalPosition: {x: 0, y: 0, z: 0}
  m_LocalScale: {x: 1, y: 1, z: 1}
  m_ConstrainProportionsScale: 0
  m_Children:
  - {fileID: 8093016461961237719}
  m_Father: {fileID: 0}
  m_RootOrder: 0
  m_LocalEulerAnglesHint: {x: 0, y: 0, z: 0}
--- !u!33 &5217991059508042250
MeshFilter:
  m_ObjectHideFlags: 0
  m_CorrespondingSourceObject: {fileID: 0}
  m_PrefabInstance: {fileID: 0}
  m_PrefabAsset: {fileID: 0}
  m_GameObject: {fileID: 5217991059508042249}
  m_Mesh: {fileID: 4300000, guid: 3e7e92633d750d440b9551f9f4bf95aa, type: 3}
--- !u!23 &5217991059508042251
MeshRenderer:
  m_ObjectHideFlags: 0
  m_CorrespondingSourceObject: {fileID: 0}
  m_PrefabInstance: {fileID: 0}
  m_PrefabAsset: {fileID: 0}
  m_GameObject: {fileID: 5217991059508042249}
  m_Enabled: 1
  m_CastShadows: 1
  m_ReceiveShadows: 1
  m_DynamicOccludee: 1
  m_StaticShadowCaster: 0
  m_MotionVectors: 1
  m_LightProbeUsage: 1
  m_ReflectionProbeUsage: 1
  m_RayTracingMode: 2
  m_RayTraceProcedural: 0
  m_RenderingLayerMask: 257
  m_RendererPriority: 0
  m_Materials:
  - {fileID: 2100000, guid: 3f94413ade567bc4aaf93dd8901da281, type: 2}
  m_StaticBatchInfo:
    firstSubMesh: 0
    subMeshCount: 0
  m_StaticBatchRoot: {fileID: 0}
  m_ProbeAnchor: {fileID: 0}
  m_LightProbeVolumeOverride: {fileID: 0}
  m_ScaleInLightmap: 1
  m_ReceiveGI: 1
  m_PreserveUVs: 0
  m_IgnoreNormalsForChartDetection: 0
  m_ImportantGI: 0
  m_StitchLightmapSeams: 1
  m_SelectedEditorRenderState: 3
  m_MinimumChartSize: 4
  m_AutoUVMaxDistance: 0.5
  m_AutoUVMaxAngle: 89
  m_LightmapParameters: {fileID: 0}
  m_SortingLayerID: 0
  m_SortingLayer: 0
  m_SortingOrder: 0
  m_AdditionalVertexStreams: {fileID: 0}
--- !u!65 &5217991059508042248
BoxCollider:
  m_ObjectHideFlags: 0
  m_CorrespondingSourceObject: {fileID: 0}
  m_PrefabInstance: {fileID: 0}
  m_PrefabAsset: {fileID: 0}
  m_GameObject: {fileID: 5217991059508042249}
  m_Material: {fileID: 0}
  m_IsTrigger: 1
  m_Enabled: 1
  serializedVersion: 2
  m_Size: {x: 2, y: 2, z: 2}
  m_Center: {x: 0, y: 0, z: 0}
--- !u!114 &5217991059508042244
MonoBehaviour:
  m_ObjectHideFlags: 0
  m_CorrespondingSourceObject: {fileID: 0}
  m_PrefabInstance: {fileID: 0}
  m_PrefabAsset: {fileID: 0}
  m_GameObject: {fileID: 5217991059508042249}
  m_Enabled: 1
  m_EditorHideFlags: 0
  m_Script: {fileID: 11500000, guid: 8a6a26a520da71443adc785d72fba7a1, type: 3}
  m_Name: 
  m_EditorClassIdentifier: 
  DontDestroy: 0
  lifetime: 30
  InteractionHint: {fileID: 4923883467532544286}
--- !u!2083052967 &4345386009350993191
VisualEffect:
  m_ObjectHideFlags: 0
  m_CorrespondingSourceObject: {fileID: 0}
  m_PrefabInstance: {fileID: 0}
  m_PrefabAsset: {fileID: 0}
  m_GameObject: {fileID: 5217991059508042249}
  m_Enabled: 1
  m_Asset: {fileID: 8926484042661614526, guid: 41fe5fdaea3963f4e95b9ecb04765c8b, type: 3}
  m_InitialEventName: OnPlay
  m_InitialEventNameOverriden: 0
  m_StartSeed: 0
  m_ResetSeedOnPlay: 1
  m_ResourceVersion: 1
  m_PropertySheet:
    m_Float:
      m_Array: []
    m_Vector2f:
      m_Array: []
    m_Vector3f:
      m_Array: []
    m_Vector4f:
      m_Array: []
    m_Uint:
      m_Array: []
    m_Int:
      m_Array: []
    m_Matrix4x4f:
      m_Array: []
    m_AnimationCurve:
      m_Array: []
    m_Gradient:
      m_Array:
      - m_Value:
          serializedVersion: 2
          key0: {r: 0, g: 72.40774, b: 271.17407, a: 0}
          key1: {r: 11.313708, g: 11.313708, b: 11.313708, a: 1}
          key2: {r: 0, g: 0, b: 0, a: 1}
          key3: {r: 0, g: 0, b: 0, a: 0}
          key4: {r: 0, g: 0, b: 0, a: 0}
          key5: {r: 0, g: 0, b: 0, a: 0}
          key6: {r: 0, g: 0, b: 0, a: 0}
          key7: {r: 0, g: 0, b: 0, a: 0}
          ctime0: 0
          ctime1: 64957
          ctime2: 0
          ctime3: 0
          ctime4: 0
          ctime5: 0
          ctime6: 0
          ctime7: 0
          atime0: 0
          atime1: 5975
          atime2: 43947
          atime3: 65535
          atime4: 0
          atime5: 0
          atime6: 0
          atime7: 0
          m_Mode: 0
          m_NumColorKeys: 2
          m_NumAlphaKeys: 4
        m_Name: ColorLight
        m_Overridden: 1
      - m_Value:
          serializedVersion: 2
          key0: {r: 0, g: 0.43907437, b: 1.6977543, a: 0}
          key1: {r: 0, g: 0.057805434, b: 0.22696589, a: 1}
          key2: {r: 0, g: 0, b: 0, a: 1}
          key3: {r: 0, g: 0, b: 0, a: 0}
          key4: {r: 0, g: 0, b: 0, a: 0}
          key5: {r: 0, g: 0, b: 0, a: 0}
          key6: {r: 0, g: 0, b: 0, a: 0}
          key7: {r: 0, g: 0, b: 0, a: 0}
          ctime0: 0
          ctime1: 65535
          ctime2: 0
          ctime3: 0
          ctime4: 0
          ctime5: 0
          ctime6: 0
          ctime7: 0
          atime0: 0
          atime1: 13685
          atime2: 48188
          atime3: 65535
          atime4: 0
          atime5: 0
          atime6: 0
          atime7: 0
          m_Mode: 0
          m_NumColorKeys: 2
          m_NumAlphaKeys: 4
        m_Name: ColorDark
        m_Overridden: 1
    m_NamedObject:
      m_Array: []
    m_Bool:
      m_Array: []
--- !u!73398921 &6789381297492422091
VFXRenderer:
  serializedVersion: 1
  m_ObjectHideFlags: 0
  m_CorrespondingSourceObject: {fileID: 0}
  m_PrefabInstance: {fileID: 0}
  m_PrefabAsset: {fileID: 0}
  m_GameObject: {fileID: 5217991059508042249}
  m_Enabled: 1
  m_CastShadows: 0
  m_ReceiveShadows: 0
  m_DynamicOccludee: 1
  m_StaticShadowCaster: 0
  m_MotionVectors: 0
  m_LightProbeUsage: 0
  m_ReflectionProbeUsage: 0
  m_RayTracingMode: 0
  m_RayTraceProcedural: 0
  m_RenderingLayerMask: 257
  m_RendererPriority: 0
  m_StaticBatchInfo:
    firstSubMesh: 0
    subMeshCount: 0
  m_StaticBatchRoot: {fileID: 0}
  m_ProbeAnchor: {fileID: 0}
  m_LightProbeVolumeOverride: {fileID: 0}
  m_ScaleInLightmap: 1
  m_ReceiveGI: 1
  m_PreserveUVs: 0
  m_IgnoreNormalsForChartDetection: 0
  m_ImportantGI: 0
  m_StitchLightmapSeams: 1
  m_SelectedEditorRenderState: 3
  m_MinimumChartSize: 4
  m_AutoUVMaxDistance: 0.5
  m_AutoUVMaxAngle: 89
  m_LightmapParameters: {fileID: 0}
  m_SortingLayerID: 0
  m_SortingLayer: 0
  m_SortingOrder: 0
--- !u!1001 &112628309264640615
PrefabInstance:
  m_ObjectHideFlags: 0
  serializedVersion: 2
  m_Modification:
    m_TransformParent: {fileID: 5217991059508042245}
    m_Modifications:
    - target: {fileID: 5027432482051261305, guid: 24be00efbbf399045ac957ba1798dc87,
        type: 3}
      propertyPath: m_Name
      value: Interaction_E_text
      objectReference: {fileID: 0}
    - target: {fileID: 7554093536937467899, guid: 24be00efbbf399045ac957ba1798dc87,
        type: 3}
      propertyPath: m_SizeDelta.y
      value: -29
      objectReference: {fileID: 0}
    - target: {fileID: 7554093536937467899, guid: 24be00efbbf399045ac957ba1798dc87,
        type: 3}
      propertyPath: m_AnchoredPosition.y
      value: 14.5
      objectReference: {fileID: 0}
    - target: {fileID: 8129898807695139210, guid: 24be00efbbf399045ac957ba1798dc87,
        type: 3}
      propertyPath: m_text
      value: F
      objectReference: {fileID: 0}
    - target: {fileID: 8129898807695139210, guid: 24be00efbbf399045ac957ba1798dc87,
        type: 3}
      propertyPath: m_fontSize
      value: 37.49
      objectReference: {fileID: 0}
    - target: {fileID: 8129898807695139210, guid: 24be00efbbf399045ac957ba1798dc87,
        type: 3}
      propertyPath: m_fontSizeBase
      value: 37.49
      objectReference: {fileID: 0}
    - target: {fileID: 8196561553731468976, guid: 24be00efbbf399045ac957ba1798dc87,
        type: 3}
      propertyPath: m_Pivot.x
      value: 0.5
      objectReference: {fileID: 0}
    - target: {fileID: 8196561553731468976, guid: 24be00efbbf399045ac957ba1798dc87,
        type: 3}
      propertyPath: m_Pivot.y
      value: 0.5
      objectReference: {fileID: 0}
    - target: {fileID: 8196561553731468976, guid: 24be00efbbf399045ac957ba1798dc87,
        type: 3}
      propertyPath: m_RootOrder
      value: 0
      objectReference: {fileID: 0}
    - target: {fileID: 8196561553731468976, guid: 24be00efbbf399045ac957ba1798dc87,
        type: 3}
      propertyPath: m_AnchorMax.x
      value: 0.5
      objectReference: {fileID: 0}
    - target: {fileID: 8196561553731468976, guid: 24be00efbbf399045ac957ba1798dc87,
        type: 3}
      propertyPath: m_AnchorMax.y
      value: 0.5
      objectReference: {fileID: 0}
    - target: {fileID: 8196561553731468976, guid: 24be00efbbf399045ac957ba1798dc87,
        type: 3}
      propertyPath: m_AnchorMin.x
      value: 0.5
      objectReference: {fileID: 0}
    - target: {fileID: 8196561553731468976, guid: 24be00efbbf399045ac957ba1798dc87,
        type: 3}
      propertyPath: m_AnchorMin.y
      value: 0.5
      objectReference: {fileID: 0}
    - target: {fileID: 8196561553731468976, guid: 24be00efbbf399045ac957ba1798dc87,
        type: 3}
      propertyPath: m_SizeDelta.x
      value: 100
      objectReference: {fileID: 0}
    - target: {fileID: 8196561553731468976, guid: 24be00efbbf399045ac957ba1798dc87,
        type: 3}
      propertyPath: m_SizeDelta.y
      value: 100
      objectReference: {fileID: 0}
    - target: {fileID: 8196561553731468976, guid: 24be00efbbf399045ac957ba1798dc87,
        type: 3}
      propertyPath: m_LocalPosition.x
      value: 0
      objectReference: {fileID: 0}
    - target: {fileID: 8196561553731468976, guid: 24be00efbbf399045ac957ba1798dc87,
        type: 3}
      propertyPath: m_LocalPosition.y
      value: 0
      objectReference: {fileID: 0}
    - target: {fileID: 8196561553731468976, guid: 24be00efbbf399045ac957ba1798dc87,
        type: 3}
      propertyPath: m_LocalPosition.z
      value: 0
      objectReference: {fileID: 0}
    - target: {fileID: 8196561553731468976, guid: 24be00efbbf399045ac957ba1798dc87,
        type: 3}
      propertyPath: m_LocalRotation.w
      value: 1
      objectReference: {fileID: 0}
    - target: {fileID: 8196561553731468976, guid: 24be00efbbf399045ac957ba1798dc87,
        type: 3}
      propertyPath: m_LocalRotation.x
      value: 0
      objectReference: {fileID: 0}
    - target: {fileID: 8196561553731468976, guid: 24be00efbbf399045ac957ba1798dc87,
        type: 3}
      propertyPath: m_LocalRotation.y
      value: 0
      objectReference: {fileID: 0}
    - target: {fileID: 8196561553731468976, guid: 24be00efbbf399045ac957ba1798dc87,
        type: 3}
      propertyPath: m_LocalRotation.z
      value: 0
      objectReference: {fileID: 0}
    - target: {fileID: 8196561553731468976, guid: 24be00efbbf399045ac957ba1798dc87,
        type: 3}
      propertyPath: m_AnchoredPosition.x
      value: 0
      objectReference: {fileID: 0}
    - target: {fileID: 8196561553731468976, guid: 24be00efbbf399045ac957ba1798dc87,
        type: 3}
      propertyPath: m_AnchoredPosition.y
      value: 0
      objectReference: {fileID: 0}
    - target: {fileID: 8196561553731468976, guid: 24be00efbbf399045ac957ba1798dc87,
        type: 3}
      propertyPath: m_LocalEulerAnglesHint.x
      value: 0
      objectReference: {fileID: 0}
    - target: {fileID: 8196561553731468976, guid: 24be00efbbf399045ac957ba1798dc87,
        type: 3}
      propertyPath: m_LocalEulerAnglesHint.y
      value: 0
      objectReference: {fileID: 0}
    - target: {fileID: 8196561553731468976, guid: 24be00efbbf399045ac957ba1798dc87,
        type: 3}
      propertyPath: m_LocalEulerAnglesHint.z
      value: 0
      objectReference: {fileID: 0}
    m_RemovedComponents: []
  m_SourcePrefab: {fileID: 100100000, guid: 24be00efbbf399045ac957ba1798dc87, type: 3}
--- !u!1 &4923883467532544286 stripped
GameObject:
  m_CorrespondingSourceObject: {fileID: 5027432482051261305, guid: 24be00efbbf399045ac957ba1798dc87,
    type: 3}
  m_PrefabInstance: {fileID: 112628309264640615}
  m_PrefabAsset: {fileID: 0}
--- !u!224 &8093016461961237719 stripped
RectTransform:
  m_CorrespondingSourceObject: {fileID: 8196561553731468976, guid: 24be00efbbf399045ac957ba1798dc87,
    type: 3}
  m_PrefabInstance: {fileID: 112628309264640615}
  m_PrefabAsset: {fileID: 0}
