%YAML 1.1
%TAG !u! tag:unity3d.com,2011:
--- !u!1 &602927723313285220
GameObject:
  m_ObjectHideFlags: 0
  m_CorrespondingSourceObject: {fileID: 0}
  m_PrefabInstance: {fileID: 0}
  m_PrefabAsset: {fileID: 0}
  serializedVersion: 6
  m_Component:
  - component: {fileID: 7413446181923281911}
  - component: {fileID: 4871119676915798134}
  - component: {fileID: 6350811621146732949}
  - component: {fileID: 8630105103792528560}
  m_Layer: 0
  m_Name: ShootPoint
  m_TagString: Untagged
  m_Icon: {fileID: 0}
  m_NavMeshLayer: 0
  m_StaticEditorFlags: 0
  m_IsActive: 1
--- !u!4 &7413446181923281911
Transform:
  m_ObjectHideFlags: 0
  m_CorrespondingSourceObject: {fileID: 0}
  m_PrefabInstance: {fileID: 0}
  m_PrefabAsset: {fileID: 0}
  m_GameObject: {fileID: 602927723313285220}
  m_LocalRotation: {x: 0, y: 0, z: 0, w: 1}
  m_LocalPosition: {x: 0, y: 0.449, z: 1.0000007}
  m_LocalScale: {x: 0.25, y: 0.25, z: 0.25}
  m_ConstrainProportionsScale: 0
  m_Children: []
  m_Father: {fileID: 9090612926988820992}
  m_RootOrder: 1
  m_LocalEulerAnglesHint: {x: 0, y: 0, z: 0}
--- !u!33 &4871119676915798134
MeshFilter:
  m_ObjectHideFlags: 0
  m_CorrespondingSourceObject: {fileID: 0}
  m_PrefabInstance: {fileID: 0}
  m_PrefabAsset: {fileID: 0}
  m_GameObject: {fileID: 602927723313285220}
  m_Mesh: {fileID: 10202, guid: 0000000000000000e000000000000000, type: 0}
--- !u!23 &6350811621146732949
MeshRenderer:
  m_ObjectHideFlags: 0
  m_CorrespondingSourceObject: {fileID: 0}
  m_PrefabInstance: {fileID: 0}
  m_PrefabAsset: {fileID: 0}
  m_GameObject: {fileID: 602927723313285220}
  m_Enabled: 0
  m_CastShadows: 1
  m_ReceiveShadows: 1
  m_DynamicOccludee: 1
  m_StaticShadowCaster: 0
  m_MotionVectors: 1
  m_LightProbeUsage: 1
  m_ReflectionProbeUsage: 1
  m_RayTracingMode: 2
  m_RayTraceProcedural: 0
  m_RenderingLayerMask: 257
  m_RendererPriority: 0
  m_Materials:
  - {fileID: 2100000, guid: 354cc2c2b1328144c95971cdc9c284ee, type: 2}
  m_StaticBatchInfo:
    firstSubMesh: 0
    subMeshCount: 0
  m_StaticBatchRoot: {fileID: 0}
  m_ProbeAnchor: {fileID: 0}
  m_LightProbeVolumeOverride: {fileID: 0}
  m_ScaleInLightmap: 1
  m_ReceiveGI: 1
  m_PreserveUVs: 0
  m_IgnoreNormalsForChartDetection: 0
  m_ImportantGI: 0
  m_StitchLightmapSeams: 1
  m_SelectedEditorRenderState: 3
  m_MinimumChartSize: 4
  m_AutoUVMaxDistance: 0.5
  m_AutoUVMaxAngle: 89
  m_LightmapParameters: {fileID: 0}
  m_SortingLayerID: 0
  m_SortingLayer: 0
  m_SortingOrder: 0
  m_AdditionalVertexStreams: {fileID: 0}
--- !u!65 &8630105103792528560
BoxCollider:
  m_ObjectHideFlags: 0
  m_CorrespondingSourceObject: {fileID: 0}
  m_PrefabInstance: {fileID: 0}
  m_PrefabAsset: {fileID: 0}
  m_GameObject: {fileID: 602927723313285220}
  m_Material: {fileID: 0}
  m_IsTrigger: 0
  m_Enabled: 0
  serializedVersion: 2
  m_Size: {x: 1, y: 1, z: 1}
  m_Center: {x: 0, y: 0, z: 0}
--- !u!1 &9090612926988821006
GameObject:
  m_ObjectHideFlags: 0
  m_CorrespondingSourceObject: {fileID: 0}
  m_PrefabInstance: {fileID: 0}
  m_PrefabAsset: {fileID: 0}
  serializedVersion: 6
  m_Component:
  - component: {fileID: 9090612926988820992}
  - component: {fileID: 9090612926988820995}
  - component: {fileID: 9090612926988820994}
  - component: {fileID: 9090612926988821005}
  - component: {fileID: 9090612926988821004}
  - component: {fileID: 9090612926988821007}
  - component: {fileID: 7047266254558811537}
  m_Layer: 0
  m_Name: Enemy Ai (Range)
  m_TagString: Enemy
  m_Icon: {fileID: 0}
  m_NavMeshLayer: 0
  m_StaticEditorFlags: 0
  m_IsActive: 1
--- !u!4 &9090612926988820992
Transform:
  m_ObjectHideFlags: 0
  m_CorrespondingSourceObject: {fileID: 0}
  m_PrefabInstance: {fileID: 0}
  m_PrefabAsset: {fileID: 0}
  m_GameObject: {fileID: 9090612926988821006}
  m_LocalRotation: {x: 0, y: 0, z: 0, w: 1}
  m_LocalPosition: {x: -9.8, y: 0, z: 20.5}
  m_LocalScale: {x: 1, y: 1, z: 1}
  m_ConstrainProportionsScale: 0
  m_Children:
  - {fileID: 3405876545592250840}
  - {fileID: 7413446181923281911}
  - {fileID: 2067472544333812162}
  - {fileID: 3384620777970771138}
  m_Father: {fileID: 0}
  m_RootOrder: 0
  m_LocalEulerAnglesHint: {x: 0, y: 0, z: 0}
--- !u!33 &9090612926988820995
MeshFilter:
  m_ObjectHideFlags: 0
  m_CorrespondingSourceObject: {fileID: 0}
  m_PrefabInstance: {fileID: 0}
  m_PrefabAsset: {fileID: 0}
  m_GameObject: {fileID: 9090612926988821006}
  m_Mesh: {fileID: 10208, guid: 0000000000000000e000000000000000, type: 0}
--- !u!23 &9090612926988820994
MeshRenderer:
  m_ObjectHideFlags: 0
  m_CorrespondingSourceObject: {fileID: 0}
  m_PrefabInstance: {fileID: 0}
  m_PrefabAsset: {fileID: 0}
  m_GameObject: {fileID: 9090612926988821006}
  m_Enabled: 0
  m_CastShadows: 1
  m_ReceiveShadows: 1
  m_DynamicOccludee: 1
  m_StaticShadowCaster: 0
  m_MotionVectors: 1
  m_LightProbeUsage: 1
  m_ReflectionProbeUsage: 1
  m_RayTracingMode: 2
  m_RayTraceProcedural: 0
  m_RenderingLayerMask: 257
  m_RendererPriority: 0
  m_Materials:
  - {fileID: 2100000, guid: 44d36942b38f01745ba4079706ad66a1, type: 2}
  m_StaticBatchInfo:
    firstSubMesh: 0
    subMeshCount: 0
  m_StaticBatchRoot: {fileID: 0}
  m_ProbeAnchor: {fileID: 0}
  m_LightProbeVolumeOverride: {fileID: 0}
  m_ScaleInLightmap: 1
  m_ReceiveGI: 1
  m_PreserveUVs: 0
  m_IgnoreNormalsForChartDetection: 0
  m_ImportantGI: 0
  m_StitchLightmapSeams: 1
  m_SelectedEditorRenderState: 3
  m_MinimumChartSize: 4
  m_AutoUVMaxDistance: 0.5
  m_AutoUVMaxAngle: 89
  m_LightmapParameters: {fileID: 0}
  m_SortingLayerID: 0
  m_SortingLayer: 0
  m_SortingOrder: 0
  m_AdditionalVertexStreams: {fileID: 0}
--- !u!136 &9090612926988821005
CapsuleCollider:
  m_ObjectHideFlags: 0
  m_CorrespondingSourceObject: {fileID: 0}
  m_PrefabInstance: {fileID: 0}
  m_PrefabAsset: {fileID: 0}
  m_GameObject: {fileID: 9090612926988821006}
  m_Material: {fileID: 0}
  m_IsTrigger: 0
  m_Enabled: 1
  m_Radius: 0.5
  m_Height: 2
  m_Direction: 1
  m_Center: {x: 0, y: 0, z: 0}
--- !u!195 &9090612926988821004
NavMeshAgent:
  m_ObjectHideFlags: 0
  m_CorrespondingSourceObject: {fileID: 0}
  m_PrefabInstance: {fileID: 0}
  m_PrefabAsset: {fileID: 0}
  m_GameObject: {fileID: 9090612926988821006}
  m_Enabled: 1
  m_AgentTypeID: 0
  m_Radius: 0.5
  m_Speed: 8
  m_Acceleration: 70
  avoidancePriority: 50
  m_AngularSpeed: 180
  m_StoppingDistance: 0
  m_AutoTraverseOffMeshLink: 1
  m_AutoBraking: 1
  m_AutoRepath: 1
  m_Height: 2
  m_BaseOffset: 1
  m_WalkableMask: 4294967295
  m_ObstacleAvoidanceType: 4
--- !u!114 &9090612926988821007
MonoBehaviour:
  m_ObjectHideFlags: 0
  m_CorrespondingSourceObject: {fileID: 0}
  m_PrefabInstance: {fileID: 0}
  m_PrefabAsset: {fileID: 0}
  m_GameObject: {fileID: 9090612926988821006}
  m_Enabled: 1
  m_EditorHideFlags: 0
  m_Script: {fileID: 11500000, guid: 8c620e04c26976941aeb3c7937c05fd1, type: 3}
  m_Name: 
  m_EditorClassIdentifier: 
  PlayerObject: PlayerManage(Clone)
  agent: {fileID: 9090612926988821004}
  player: {fileID: 0}
  whatIsGround:
    serializedVersion: 2
    m_Bits: 8
  whatIsPlayer:
    serializedVersion: 2
    m_Bits: 64
  Health: 100
  HealthBar: {fileID: 5164410924124317567}
  HealthText: {fileID: 3240613737475247073}
  walkPoint: {x: 0, y: 0, z: 0}
  walkPointRange: 5
  timeBetweenAttacks: 2.5
  Projectiles:
  - {fileID: 1348079581670615438, guid: 3545f2cdc4fb3384ba2a3775741ecbf8, type: 3}
  - {fileID: 1348079581670615438, guid: 41e8119c43480624b9fc61376ca874e2, type: 3}
  - {fileID: 1348079581670615438, guid: 611454f3f93ce744eb83fa8f06d5ca37, type: 3}
  - {fileID: 1348079581670615438, guid: 9ac6b908a32263e44b44f1adae01fd85, type: 3}
  sightRange: 20
  attackRange: 12
  playerInSightRange: 0
  playerInAttackRange: 0
  shooterPoint: {fileID: 602927723313285220}
  DamageAnim: {fileID: 3384620777970771198}
  DamageText: {fileID: 3384620778228354513}
  Colors:
  - {fileID: 2100000, guid: 5e18e050ed6d1a949877631e93813d03, type: 2}
  - {fileID: 2100000, guid: 90b3b7bdc3047e5439b9421c2d9a179d, type: 2}
  - {fileID: 2100000, guid: 1de210b8fab9bd54882916948cab9db6, type: 2}
  - {fileID: 2100000, guid: 3819d255b9028d24e9a85dc33c0481a7, type: 2}
  lineRenderer: {fileID: 7047266254558811537}
  _body: {fileID: 2314648909985239643}
  enemyAnim: {fileID: 8765190667377937314}
  ElementOrbs:
  - {fileID: 2465774420237227320, guid: 68a3de46856443f4bb941d644b0cc3ac, type: 3}
  - {fileID: 5217991059508042249, guid: ede684b05287ca84aa84923791a49b51, type: 3}
  - {fileID: 5875197538676069046, guid: e1870f0ef499bfb479c66635de927f0f, type: 3}
--- !u!120 &7047266254558811537
LineRenderer:
  m_ObjectHideFlags: 0
  m_CorrespondingSourceObject: {fileID: 0}
  m_PrefabInstance: {fileID: 0}
  m_PrefabAsset: {fileID: 0}
  m_GameObject: {fileID: 9090612926988821006}
  m_Enabled: 1
  m_CastShadows: 1
  m_ReceiveShadows: 1
  m_DynamicOccludee: 1
  m_StaticShadowCaster: 0
  m_MotionVectors: 0
  m_LightProbeUsage: 0
  m_ReflectionProbeUsage: 0
  m_RayTracingMode: 0
  m_RayTraceProcedural: 0
  m_RenderingLayerMask: 257
  m_RendererPriority: 0
  m_Materials:
  - {fileID: 2100000, guid: af60d6d0f6c5aba4798f74e794b39b43, type: 2}
  m_StaticBatchInfo:
    firstSubMesh: 0
    subMeshCount: 0
  m_StaticBatchRoot: {fileID: 0}
  m_ProbeAnchor: {fileID: 0}
  m_LightProbeVolumeOverride: {fileID: 0}
  m_ScaleInLightmap: 1
  m_ReceiveGI: 1
  m_PreserveUVs: 0
  m_IgnoreNormalsForChartDetection: 0
  m_ImportantGI: 0
  m_StitchLightmapSeams: 1
  m_SelectedEditorRenderState: 3
  m_MinimumChartSize: 4
  m_AutoUVMaxDistance: 0.5
  m_AutoUVMaxAngle: 89
  m_LightmapParameters: {fileID: 0}
  m_SortingLayerID: 0
  m_SortingLayer: 0
  m_SortingOrder: 0
  m_Positions:
  - {x: 0, y: 0, z: 0}
  - {x: 0, y: 0, z: 0}
  m_Parameters:
    serializedVersion: 3
    widthMultiplier: 1
    widthCurve:
      serializedVersion: 2
      m_Curve:
      - serializedVersion: 3
        time: 0
        value: 1
        inSlope: 0
        outSlope: 0
        tangentMode: 0
        weightedMode: 0
        inWeight: 0.33333334
        outWeight: 0.33333334
      m_PreInfinity: 2
      m_PostInfinity: 2
      m_RotationOrder: 4
    colorGradient:
      serializedVersion: 2
      key0: {r: 1, g: 1, b: 1, a: 1}
      key1: {r: 1, g: 1, b: 1, a: 1}
      key2: {r: 0, g: 0, b: 0, a: 0}
      key3: {r: 0, g: 0, b: 0, a: 0}
      key4: {r: 0, g: 0, b: 0, a: 0}
      key5: {r: 0, g: 0, b: 0, a: 0}
      key6: {r: 0, g: 0, b: 0, a: 0}
      key7: {r: 0, g: 0, b: 0, a: 0}
      ctime0: 0
      ctime1: 65535
      ctime2: 0
      ctime3: 0
      ctime4: 0
      ctime5: 0
      ctime6: 0
      ctime7: 0
      atime0: 0
      atime1: 65535
      atime2: 0
      atime3: 0
      atime4: 0
      atime5: 0
      atime6: 0
      atime7: 0
      m_Mode: 0
      m_NumColorKeys: 2
      m_NumAlphaKeys: 2
    numCornerVertices: 0
    numCapVertices: 0
    alignment: 0
    textureMode: 0
    shadowBias: 0.5
    generateLightingData: 0
  m_UseWorldSpace: 1
  m_Loop: 0
--- !u!1001 &1995809906507712249
PrefabInstance:
  m_ObjectHideFlags: 0
  serializedVersion: 2
  m_Modification:
    m_TransformParent: {fileID: 9090612926988820992}
    m_Modifications:
    - target: {fileID: 3839912570660299264, guid: e9f27035511fa724d89115f772f67cfb,
        type: 3}
      propertyPath: m_Name
      value: DamageIndicator_Prefab
      objectReference: {fileID: 0}
    - target: {fileID: 3839912570660299269, guid: e9f27035511fa724d89115f772f67cfb,
        type: 3}
      propertyPath: m_PresetInfoIsWorld
      value: 1
      objectReference: {fileID: 0}
    - target: {fileID: 3839912570660299323, guid: e9f27035511fa724d89115f772f67cfb,
        type: 3}
      propertyPath: m_Pivot.x
      value: 0.5
      objectReference: {fileID: 0}
    - target: {fileID: 3839912570660299323, guid: e9f27035511fa724d89115f772f67cfb,
        type: 3}
      propertyPath: m_Pivot.y
      value: 0.5
      objectReference: {fileID: 0}
    - target: {fileID: 3839912570660299323, guid: e9f27035511fa724d89115f772f67cfb,
        type: 3}
      propertyPath: m_RootOrder
      value: 3
      objectReference: {fileID: 0}
    - target: {fileID: 3839912570660299323, guid: e9f27035511fa724d89115f772f67cfb,
        type: 3}
      propertyPath: m_AnchorMax.x
      value: 0.5
      objectReference: {fileID: 0}
    - target: {fileID: 3839912570660299323, guid: e9f27035511fa724d89115f772f67cfb,
        type: 3}
      propertyPath: m_AnchorMax.y
      value: 0.5
      objectReference: {fileID: 0}
    - target: {fileID: 3839912570660299323, guid: e9f27035511fa724d89115f772f67cfb,
        type: 3}
      propertyPath: m_AnchorMin.x
      value: 0.5
      objectReference: {fileID: 0}
    - target: {fileID: 3839912570660299323, guid: e9f27035511fa724d89115f772f67cfb,
        type: 3}
      propertyPath: m_AnchorMin.y
      value: 0.5
      objectReference: {fileID: 0}
    - target: {fileID: 3839912570660299323, guid: e9f27035511fa724d89115f772f67cfb,
        type: 3}
      propertyPath: m_SizeDelta.x
      value: 100
      objectReference: {fileID: 0}
    - target: {fileID: 3839912570660299323, guid: e9f27035511fa724d89115f772f67cfb,
        type: 3}
      propertyPath: m_SizeDelta.y
      value: 100
      objectReference: {fileID: 0}
    - target: {fileID: 3839912570660299323, guid: e9f27035511fa724d89115f772f67cfb,
        type: 3}
      propertyPath: m_LocalPosition.x
      value: 0
      objectReference: {fileID: 0}
    - target: {fileID: 3839912570660299323, guid: e9f27035511fa724d89115f772f67cfb,
        type: 3}
      propertyPath: m_LocalPosition.y
      value: 0
      objectReference: {fileID: 0}
    - target: {fileID: 3839912570660299323, guid: e9f27035511fa724d89115f772f67cfb,
        type: 3}
      propertyPath: m_LocalPosition.z
      value: 0.75
      objectReference: {fileID: 0}
    - target: {fileID: 3839912570660299323, guid: e9f27035511fa724d89115f772f67cfb,
        type: 3}
      propertyPath: m_LocalRotation.w
      value: 1
      objectReference: {fileID: 0}
    - target: {fileID: 3839912570660299323, guid: e9f27035511fa724d89115f772f67cfb,
        type: 3}
      propertyPath: m_LocalRotation.x
      value: 0
      objectReference: {fileID: 0}
    - target: {fileID: 3839912570660299323, guid: e9f27035511fa724d89115f772f67cfb,
        type: 3}
      propertyPath: m_LocalRotation.y
      value: 0
      objectReference: {fileID: 0}
    - target: {fileID: 3839912570660299323, guid: e9f27035511fa724d89115f772f67cfb,
        type: 3}
      propertyPath: m_LocalRotation.z
      value: 0
      objectReference: {fileID: 0}
    - target: {fileID: 3839912570660299323, guid: e9f27035511fa724d89115f772f67cfb,
        type: 3}
      propertyPath: m_AnchoredPosition.x
      value: 0
      objectReference: {fileID: 0}
    - target: {fileID: 3839912570660299323, guid: e9f27035511fa724d89115f772f67cfb,
        type: 3}
      propertyPath: m_AnchoredPosition.y
      value: 0.75
      objectReference: {fileID: 0}
    - target: {fileID: 3839912570660299323, guid: e9f27035511fa724d89115f772f67cfb,
        type: 3}
      propertyPath: m_LocalEulerAnglesHint.x
      value: 0
      objectReference: {fileID: 0}
    - target: {fileID: 3839912570660299323, guid: e9f27035511fa724d89115f772f67cfb,
        type: 3}
      propertyPath: m_LocalEulerAnglesHint.y
      value: 0
      objectReference: {fileID: 0}
    - target: {fileID: 3839912570660299323, guid: e9f27035511fa724d89115f772f67cfb,
        type: 3}
      propertyPath: m_LocalEulerAnglesHint.z
      value: 0
      objectReference: {fileID: 0}
    - target: {fileID: 3839912570902022953, guid: e9f27035511fa724d89115f772f67cfb,
        type: 3}
      propertyPath: m_LocalRotation.w
      value: 0
      objectReference: {fileID: 0}
    - target: {fileID: 3839912570902022953, guid: e9f27035511fa724d89115f772f67cfb,
        type: 3}
      propertyPath: m_LocalRotation.y
      value: 1
      objectReference: {fileID: 0}
    - target: {fileID: 3839912570902022953, guid: e9f27035511fa724d89115f772f67cfb,
        type: 3}
      propertyPath: m_LocalEulerAnglesHint.y
      value: 180
      objectReference: {fileID: 0}
    m_RemovedComponents: []
  m_SourcePrefab: {fileID: 100100000, guid: e9f27035511fa724d89115f772f67cfb, type: 3}
--- !u!224 &3384620777970771138 stripped
RectTransform:
  m_CorrespondingSourceObject: {fileID: 3839912570660299323, guid: e9f27035511fa724d89115f772f67cfb,
    type: 3}
  m_PrefabInstance: {fileID: 1995809906507712249}
  m_PrefabAsset: {fileID: 0}
--- !u!95 &3384620777970771198 stripped
Animator:
  m_CorrespondingSourceObject: {fileID: 3839912570660299271, guid: e9f27035511fa724d89115f772f67cfb,
    type: 3}
  m_PrefabInstance: {fileID: 1995809906507712249}
  m_PrefabAsset: {fileID: 0}
--- !u!114 &3384620778228354513 stripped
MonoBehaviour:
  m_CorrespondingSourceObject: {fileID: 3839912570902022952, guid: e9f27035511fa724d89115f772f67cfb,
    type: 3}
  m_PrefabInstance: {fileID: 1995809906507712249}
  m_PrefabAsset: {fileID: 0}
  m_GameObject: {fileID: 0}
  m_Enabled: 1
  m_EditorHideFlags: 0
  m_Script: {fileID: 11500000, guid: f4688fdb7df04437aeb418b961361dc5, type: 3}
  m_Name: 
  m_EditorClassIdentifier: 
--- !u!1001 &2940467725541127731
PrefabInstance:
  m_ObjectHideFlags: 0
  serializedVersion: 2
  m_Modification:
    m_TransformParent: {fileID: 9090612926988820992}
    m_Modifications:
    - target: {fileID: -8679921383154817045, guid: aad1349309917094ab450f207168dc24,
        type: 3}
      propertyPath: m_RootOrder
      value: 0
      objectReference: {fileID: 0}
    - target: {fileID: -8679921383154817045, guid: aad1349309917094ab450f207168dc24,
        type: 3}
      propertyPath: m_LocalScale.x
      value: 2.84
      objectReference: {fileID: 0}
    - target: {fileID: -8679921383154817045, guid: aad1349309917094ab450f207168dc24,
        type: 3}
      propertyPath: m_LocalScale.y
      value: 2.84
      objectReference: {fileID: 0}
    - target: {fileID: -8679921383154817045, guid: aad1349309917094ab450f207168dc24,
        type: 3}
      propertyPath: m_LocalScale.z
      value: 2.84
      objectReference: {fileID: 0}
    - target: {fileID: -8679921383154817045, guid: aad1349309917094ab450f207168dc24,
        type: 3}
      propertyPath: m_LocalPosition.x
      value: 0
      objectReference: {fileID: 0}
    - target: {fileID: -8679921383154817045, guid: aad1349309917094ab450f207168dc24,
        type: 3}
      propertyPath: m_LocalPosition.y
      value: -1.126
      objectReference: {fileID: 0}
    - target: {fileID: -8679921383154817045, guid: aad1349309917094ab450f207168dc24,
        type: 3}
      propertyPath: m_LocalPosition.z
      value: 0
      objectReference: {fileID: 0}
    - target: {fileID: -8679921383154817045, guid: aad1349309917094ab450f207168dc24,
        type: 3}
      propertyPath: m_LocalRotation.w
      value: 1
      objectReference: {fileID: 0}
    - target: {fileID: -8679921383154817045, guid: aad1349309917094ab450f207168dc24,
        type: 3}
      propertyPath: m_LocalRotation.x
      value: 0
      objectReference: {fileID: 0}
    - target: {fileID: -8679921383154817045, guid: aad1349309917094ab450f207168dc24,
        type: 3}
      propertyPath: m_LocalRotation.y
      value: 0
      objectReference: {fileID: 0}
    - target: {fileID: -8679921383154817045, guid: aad1349309917094ab450f207168dc24,
        type: 3}
      propertyPath: m_LocalRotation.z
      value: 0
      objectReference: {fileID: 0}
    - target: {fileID: -8679921383154817045, guid: aad1349309917094ab450f207168dc24,
        type: 3}
      propertyPath: m_LocalEulerAnglesHint.x
      value: 0
      objectReference: {fileID: 0}
    - target: {fileID: -8679921383154817045, guid: aad1349309917094ab450f207168dc24,
        type: 3}
      propertyPath: m_LocalEulerAnglesHint.y
      value: 0
      objectReference: {fileID: 0}
    - target: {fileID: -8679921383154817045, guid: aad1349309917094ab450f207168dc24,
        type: 3}
      propertyPath: m_LocalEulerAnglesHint.z
      value: 0
      objectReference: {fileID: 0}
    - target: {fileID: -8679921383154817045, guid: aad1349309917094ab450f207168dc24,
        type: 3}
      propertyPath: m_ConstrainProportionsScale
      value: 1
      objectReference: {fileID: 0}
    - target: {fileID: 919132149155446097, guid: aad1349309917094ab450f207168dc24,
        type: 3}
      propertyPath: m_Name
      value: Enemy_Range
      objectReference: {fileID: 0}
    - target: {fileID: 5866666021909216657, guid: aad1349309917094ab450f207168dc24,
        type: 3}
      propertyPath: m_Controller
      value: 
      objectReference: {fileID: 9100000, guid: 5f5467e1975052046bc632bcc5b93fac, type: 2}
    m_RemovedComponents: []
  m_SourcePrefab: {fileID: 100100000, guid: aad1349309917094ab450f207168dc24, type: 3}
--- !u!1 &2314648909985239643 stripped
GameObject:
  m_CorrespondingSourceObject: {fileID: 635547659545568360, guid: aad1349309917094ab450f207168dc24,
    type: 3}
  m_PrefabInstance: {fileID: 2940467725541127731}
  m_PrefabAsset: {fileID: 0}
--- !u!4 &3405876545592250840 stripped
Transform:
  m_CorrespondingSourceObject: {fileID: -8679921383154817045, guid: aad1349309917094ab450f207168dc24,
    type: 3}
  m_PrefabInstance: {fileID: 2940467725541127731}
  m_PrefabAsset: {fileID: 0}
--- !u!95 &8765190667377937314 stripped
Animator:
  m_CorrespondingSourceObject: {fileID: 5866666021909216657, guid: aad1349309917094ab450f207168dc24,
    type: 3}
  m_PrefabInstance: {fileID: 2940467725541127731}
  m_PrefabAsset: {fileID: 0}
--- !u!1001 &4852434272210966038
PrefabInstance:
  m_ObjectHideFlags: 0
  serializedVersion: 2
  m_Modification:
    m_TransformParent: {fileID: 9090612926988820992}
    m_Modifications:
    - target: {fileID: 6910329502156654548, guid: 2e8f2d66089a4a449a48abbfd613debf,
        type: 3}
      propertyPath: m_Pivot.x
      value: 0.5
      objectReference: {fileID: 0}
    - target: {fileID: 6910329502156654548, guid: 2e8f2d66089a4a449a48abbfd613debf,
        type: 3}
      propertyPath: m_Pivot.y
      value: 0.5
      objectReference: {fileID: 0}
    - target: {fileID: 6910329502156654548, guid: 2e8f2d66089a4a449a48abbfd613debf,
        type: 3}
      propertyPath: m_RootOrder
      value: 2
      objectReference: {fileID: 0}
    - target: {fileID: 6910329502156654548, guid: 2e8f2d66089a4a449a48abbfd613debf,
        type: 3}
      propertyPath: m_AnchorMax.x
      value: 0.5
      objectReference: {fileID: 0}
    - target: {fileID: 6910329502156654548, guid: 2e8f2d66089a4a449a48abbfd613debf,
        type: 3}
      propertyPath: m_AnchorMax.y
      value: 0.5
      objectReference: {fileID: 0}
    - target: {fileID: 6910329502156654548, guid: 2e8f2d66089a4a449a48abbfd613debf,
        type: 3}
      propertyPath: m_AnchorMin.x
      value: 0.5
      objectReference: {fileID: 0}
    - target: {fileID: 6910329502156654548, guid: 2e8f2d66089a4a449a48abbfd613debf,
        type: 3}
      propertyPath: m_AnchorMin.y
      value: 0.5
      objectReference: {fileID: 0}
    - target: {fileID: 6910329502156654548, guid: 2e8f2d66089a4a449a48abbfd613debf,
        type: 3}
      propertyPath: m_SizeDelta.x
      value: 100
      objectReference: {fileID: 0}
    - target: {fileID: 6910329502156654548, guid: 2e8f2d66089a4a449a48abbfd613debf,
        type: 3}
      propertyPath: m_SizeDelta.y
      value: 100
      objectReference: {fileID: 0}
    - target: {fileID: 6910329502156654548, guid: 2e8f2d66089a4a449a48abbfd613debf,
        type: 3}
      propertyPath: m_LocalPosition.x
      value: 0
      objectReference: {fileID: 0}
    - target: {fileID: 6910329502156654548, guid: 2e8f2d66089a4a449a48abbfd613debf,
        type: 3}
      propertyPath: m_LocalPosition.y
      value: 0
      objectReference: {fileID: 0}
    - target: {fileID: 6910329502156654548, guid: 2e8f2d66089a4a449a48abbfd613debf,
        type: 3}
      propertyPath: m_LocalPosition.z
      value: 0
      objectReference: {fileID: 0}
    - target: {fileID: 6910329502156654548, guid: 2e8f2d66089a4a449a48abbfd613debf,
        type: 3}
      propertyPath: m_LocalRotation.w
      value: 0
      objectReference: {fileID: 0}
    - target: {fileID: 6910329502156654548, guid: 2e8f2d66089a4a449a48abbfd613debf,
        type: 3}
      propertyPath: m_LocalRotation.x
      value: 0
      objectReference: {fileID: 0}
    - target: {fileID: 6910329502156654548, guid: 2e8f2d66089a4a449a48abbfd613debf,
        type: 3}
      propertyPath: m_LocalRotation.y
      value: 1
      objectReference: {fileID: 0}
    - target: {fileID: 6910329502156654548, guid: 2e8f2d66089a4a449a48abbfd613debf,
        type: 3}
      propertyPath: m_LocalRotation.z
      value: 0
      objectReference: {fileID: 0}
    - target: {fileID: 6910329502156654548, guid: 2e8f2d66089a4a449a48abbfd613debf,
        type: 3}
      propertyPath: m_AnchoredPosition.x
      value: 0
      objectReference: {fileID: 0}
    - target: {fileID: 6910329502156654548, guid: 2e8f2d66089a4a449a48abbfd613debf,
        type: 3}
      propertyPath: m_AnchoredPosition.y
      value: 0
      objectReference: {fileID: 0}
    - target: {fileID: 6910329502156654548, guid: 2e8f2d66089a4a449a48abbfd613debf,
        type: 3}
      propertyPath: m_LocalEulerAnglesHint.x
      value: 0
      objectReference: {fileID: 0}
    - target: {fileID: 6910329502156654548, guid: 2e8f2d66089a4a449a48abbfd613debf,
        type: 3}
      propertyPath: m_LocalEulerAnglesHint.y
      value: 180
      objectReference: {fileID: 0}
    - target: {fileID: 6910329502156654548, guid: 2e8f2d66089a4a449a48abbfd613debf,
        type: 3}
      propertyPath: m_LocalEulerAnglesHint.z
      value: 0
      objectReference: {fileID: 0}
    - target: {fileID: 7731878293661193316, guid: 2e8f2d66089a4a449a48abbfd613debf,
        type: 3}
      propertyPath: m_Name
      value: Canvas_HpBar
      objectReference: {fileID: 0}
    m_RemovedComponents: []
  m_SourcePrefab: {fileID: 100100000, guid: 2e8f2d66089a4a449a48abbfd613debf, type: 3}
--- !u!224 &2067472544333812162 stripped
RectTransform:
  m_CorrespondingSourceObject: {fileID: 6910329502156654548, guid: 2e8f2d66089a4a449a48abbfd613debf,
    type: 3}
  m_PrefabInstance: {fileID: 4852434272210966038}
  m_PrefabAsset: {fileID: 0}
--- !u!114 &3240613737475247073 stripped
MonoBehaviour:
  m_CorrespondingSourceObject: {fileID: 8047851465385336311, guid: 2e8f2d66089a4a449a48abbfd613debf,
    type: 3}
  m_PrefabInstance: {fileID: 4852434272210966038}
  m_PrefabAsset: {fileID: 0}
  m_GameObject: {fileID: 0}
  m_Enabled: 1
  m_EditorHideFlags: 0
  m_Script: {fileID: 11500000, guid: f4688fdb7df04437aeb418b961361dc5, type: 3}
  m_Name: 
  m_EditorClassIdentifier: 
--- !u!114 &5164410924124317567 stripped
MonoBehaviour:
  m_CorrespondingSourceObject: {fileID: 359411785813684585, guid: 2e8f2d66089a4a449a48abbfd613debf,
    type: 3}
  m_PrefabInstance: {fileID: 4852434272210966038}
  m_PrefabAsset: {fileID: 0}
  m_GameObject: {fileID: 0}
  m_Enabled: 1
  m_EditorHideFlags: 0
  m_Script: {fileID: 11500000, guid: fe87c0e1cc204ed48ad3b37840f39efc, type: 3}
  m_Name: 
  m_EditorClassIdentifier: 
